2676 4756
609 228 867 354 -'5a-

549 469 904 557 ΠΡΟΜΗΘΕΥΣ
1116 527 1119 536 .

329 569 477 679 Μοῖραν
500 574 722 675 τρίμορφοι,
744 563 927 673 pm'porae
953 565 984 644 d
1007 561 1202 669 Ἐρῑννύες

328 821 470 875 τουτων
496 788 571 894 ἄρα
594 693 858 878 ΖεῦἕέἷξΓ
833 787 1114 893 dedecentem,-

219 999 222 1005 y
611 915 863 989 ΠΡΟΜΗΘ

330 1015 463 1097 οὕνονν
490 1015 536 1091 ἂν
560 1006 706 1112 ἐκφύγοι
729 1043 771 1112 γε
794 1008 862 1115 τήν
886 1008 1135 1112 πεπρωμένην.
1235 1081 1252 1105 ,Ι

249 1135 429 1234 Atque
444 1137 633 1242 deGratus
649 1136 748 1209 dicto
757 1133 989 1228 Vulcanique
1004 1153 1184 1225 responso
1201 1123 1282 1200 du-

204 1257 292 1355 plex
315 1254 446 1350 judicii
469 1280 586 1351 genus
611 1232 705 1328 ferri
729 1265 864 1352 potest.
913 1248 989 1322 Aut
1005 1250 1106 1321 enim
1124 1251 1284 1323 ἐλευθε-

206 1376 270 1476 ρίᾳ
293 1376 364 1448 ista
387 1396 466 1445 non
491 1376 564 1447 nisi
588 1376 800 1448 immunitas
827 1399 847 1443 a
872 1368 1131 1444 relicuorum
1120 1389 1225 1461 Jussu
1243 1377 1285 1441 et

203 1489 363 1590 imperio
396 1490 642 1587 significatur,
686 1518 759 1590 qua
789 1491 1098 1589 interpretatione
1130 1496 1286 1580 accepta

204 1611 348 1709 aptiora
372 1605 436 1681 illa
460 1612 574 1685 verba
597 1613 644 1683 ad
669 1611 930 1705 praecedentia
952 1606 1182 1696 redduntur,
1216 1616 1286 1677 aut

203 1757 226 1803 a
241 1729 337 1802 Fato
362 1715 458 1799 liber
483 1754 564 1801 esse
587 1731 733 1824 Jupiter
758 1729 927 1801 edicitur.
985 1719 1040 1799 Ae
1063 1723 1125 1800 vel
1150 1719 1182 1795 si
1206 1723 1284 1794 hoc

143 1834 146 1846 ’
204 1845 390 1948 posterius
414 1845 643 1943 praeplacet,
669 1861 841 1941 nonest,
868 1847 969 1942 quod
982 1842 1149 1934 mireris,
1174 1829 1284 1916 Jovi's

203 1959 454 2061 apparitorem
495 1975 533 2037 et
573 1966 685 2038 deum
726 1968 847 2038 eidem
880 1965 1102 2053 obnoxium,
1143 1971 1188 2046 ut
1224 1971 1284 2032 est

202 2080 412 2172 Vulcanus,
439 2082 546 2153 aliter
571 2083 618 2153 de
643 2109 788 2156 summo
815 2085 905 2177 deo,
932 2076 996 2181 qui
1013 2077 1165 2180 ἀκίχητα
1181 2071 1284 2182 ἤθεα

56 2248 67 2269 2
201 2214 243 2305 et
275 2188 529 2296 ἀπαράμυθον
555 2200 626 2292 ἔχει
650 2201 717 2304 κῆρ
749 2205 913 2298 judicare
946 2224 1025 2272 non
1051 2224 1159 2271 ausos
1186 2223 1281 2272 esse.

196 2316 253 2394 'At
278 2318 425 2391 Chorus
451 2343 596 2416 quoque
622 2323 760 2414 nescit,
791 2321 923 2404 Jovem
948 2319 1042 2390 Fato
1069 2343 1150 2392 esse
1167 2319 1282 2389 inse-

202 2435 370 2514 riorem?
436 2436 549 2508 Certe
583 2439 709 2541 Charo
752 2432 835 2509 tatis
875 2439 932 2511 rei
972 2443 1122 2532 tamque
1155 2437 1282 2531 gravis

200 2554 411 2652 ignorantia
434 2579 566 2650 parum
592 2568 660 2627 est'
681 2558 809 2657 digna,
851 2555 1093 2627 nihilominus
1116 2552 1283 2642 Prome-

200 2677 350 2766 theam,
386 2674 498 2745 deum
530 2675 738 2747 veridicum
763 2674 1122 2770 scientissimumque
1145 2697 1282 2747 verum

184 2804 241 2868 'et
267 2793 368 2891 'scire
402 2803 440 2863 et
474 2804 600 2885 coram
634 2795 706 2864 illis
740 2795 864 2890 eloqui
898 2803 1041 2864 certum
1074 2805 1140 2865 est.
1167 2863 1169 2867 ,
1200 2793 1280 2883 Qui

202 2913 304 2985 Jovis
337 2910 531 2980 interitum
562 2911 702 2983 instare
733 2914 880 2984 disertis
905 2912 1030 2985 verbis
1055 2913 1281 2986 vaticinatur

201 3029 249 3103 V.
268 3028 498 3119 945-962.
527 3029 659 3122 quibus
685 3032 804 3101 addit:

299 3141 450 3220 τοιῶνδε
474 3138 671 3242 μόχθων’
653 3174 831 3248 εντροπην
857 3142 973 3231 οὐδεὶς
996 3145 1094 3222 θεῶν

185 3356 188 3363 ¹
299 3256 484 3338 direci*
461 3294 506 3338 αν
532 3261 631 3363 αυτῷ
656 3259 791 3366 πλήν’
774 3293 864 3359 apoc
900 3269 1009 3354 δεῖξαι
1031 3263 1212 3365 σοιῳῶς.Ι

185 3370 188 3377 ’
298 3375 367 3477 ἐγω
392 3373 471 3458 aoid
496 3380 650 3477 οἶδα,
619 3380 680 3483 χῷ
699 3376 835 3485 τρόπῳ

200 3500 247 3576 V
262 3500 347 3590 ⁸96
338 3525 439 3597 ..sqq
467 3503 551 3598 782
543 3505 909 3599 squ-195⁵qs

298 3617 393 3688 Fato
418 3620 532 3715 igitur
546 3621 691 3714 Jupiter
716 3622 902 3715 ceterique
928 3620 982 3694 dii
1006 3622 1160 3695 obnoxii
1185 3640 1276 3702 sunt

81 3814 88 3823 ,
198 3738 420 3830 futuraeque
445 3739 557 3808 sortis
582 3739 714 3832 ignari.

299 3853 406 3944 Quae
430 3857 519 3927 inde
544 3869 840 3952 consequuntur,
868 3869 906 3931 et
922 3859 1012 3930 huic
1028 3822 1274 3954 disputationi

196 3972 344 4043 annecti
369 3972 570 4064 debent,
557 3999 598 4044 m
630 3989 737 4069 parte
769 3980 1090 4052 commentationis
1118 3991 1274 4053 nostrae

194 4091 365 4186 proxime
389 4092 559 4187 sequenti
582 4093 732 4165 uberius
759 4117 998 4192 exponemus.

613 4221 823 4242 Μ
