2676 4756
73 114 131 171 ὲ.

468 249 726 327 ...17-

56 446 224 534 Chorus,
264 436 723 534 Pnomethei'Ooeanique
753 440 983 534 colloquium
1014 446 1128 523 silens

57 586 172 663 quum
185 556 402 649 audivisset,
412 559 575 628 carmine
589 559 722 630 melico
735 561 843 630 amici
860 572 998 633 sortem
1014 564 1128 662 luget,

59 697 93 756 et
112 695 240 753 terrae
259 679 419 769 incolas,
446 679 647 749 Tartarum
678 692 716 750 et
740 680 863 751 fontes
887 681 1129 776 item³lugere

56 799 273 874 testificatur
306 793 368 892 (V.
388 793 643 892 [ωδ-441).
700 797 849 869 Deinde
880 798 1128 876 Prometheus

59 920 174 1013 ampla
188 919 359 988 oratione
374 918 540 1011 exponit,
551 927 687 1010 quanta
702 918 831 988 tulerit
846 921 982 991 auxilia
998 927 1127 1016 generi

57 1039 236 1126 humano,
280 1038 502 1131 quantisque
529 1034 702 1105 homines
740 1035 929 1107 beneficiis
962 1039 1127 1116 affecerit

58 1149 370 1253 (v.·445-515.).
398 1154 499 1224 Tum
508 1154 654 1225 Chorus
671 1176 775 1247 spem
785 1157 855 1226 sibi
871 1164 951 1228 esse
968 1159 1015 1228 de
1025 1161 1127 1233 Pro-

60 1274 205 1348 matheo
222 1273 433 1347 confitetur.
482 1274 729 1345 Prometheus
739 1278 906 1367 mysterii
922 1281 980 1348 sui
992 1304 1126 1352 rursus

60 1397 286 1466 mentionem
300 1393 399 1463 facit.
427 1384 515 1465 lllae
531 1395 694 1464 carmine
708 1392 841 1464 tnelico
851 1395 967 1468 altero
984 1399 1031 1470 de
1039 1425 1126 1498 spe,

59 1514 152 1584 dulci
165 1515 268 1587 vitae
283 1506 484 1604 medicina,
512 1513 558 1582 de
577 1512 695 1581 nimio
715 1511 936 1583 'Promethei
955 1516 996 1585 in
1015 1540 1124 1587 mor-

61 1633 140 1705 tales
156 1656 310 1722 amore,
326 1620 385 1699 'de
411 1631 554 1701 inllexo
576 1630 678 1703 Jovi's
702 1631 861 1723 imperio
887 1644 1037 1727 cantant
1060 1630 1123 1730 (Υ.

56 1746 297 1846 διδ-576.)
330 1784 335 1795 ·
348 1740 436 1840 Quo
448 1750 556 1820 linito
570 1751 686 1820 intrat
698 1750 850 1821 scenam
865 1751 926 1843 Io,
953 1755 1060 1848 virgo
1077 1754 1123 1826 ab

56 1882 178 1941 oestro
196 1873 341 1965 agitata,
369 1892 463 1962 quae
477 1895 498 1939 a
512 1867 751 1958 Prometheo,
770 1870 848 1960 ejus
870 1883 1011 1943 sortem
1028 1896 1124 1943 con-

51 1989 307 2085 ditionemque
317 1988 441 2058 st'atim
450 1978 691 2080 intelligente,
705 1988 849 2079 quaerit
857 1989 903 2060 de
910 2002 1022 2082 terra,
1035 1991 1125 2061 ubi-

49 2106 144 2177 nam'
166 2111 213 2179 sit
232 2094 325 2202 ipsa*
338 2107 524 2205 gentium,
552 2106 590 2175 e't
612 2098 678 2173 ubi
702 2098 860 2196 audivit,
888 2110 983 2178 scire
1006 2109 1124 2200 illurn,

51 2212 148 2319 quid·
173 2222 244 2296 sibi
267 2228 318 2296 sit
338 2225 527 2315 futurum,
555 2224 601 2294 de
618 2223 808 2294 erroribus
826 2225 903 2293 suis
919 2218 1124 2320 eorumque

50 2343 139 2414 fine.
168 2344 247 2415 ‹Ea
263 2344 400 2433 omnia,
426 2343 500 2412 huc
514 2341 603 2410 illuc
617 2338 877 2433 interpellante
894 2353 932 2412 et
941 2344 1068 2415 Choro
1086 2356 1124 2416 et

51 2463 165 2555 Ione,
192 2460 442 2533 Prometheus
458 2459 692 2548 vaticinatur,
720 2482 881 2552 quorum
896 2485 1039 2531 summa
1056 2474 1124 2554 est,

51 2582 199 2674 fore,ut
214 2569 410 2675 aliquando
425 2602 524 2650 unus
540 2602 586 2647 ex
601 2568 703 2646 Ioriis
719 2579 899 2670 progenie
914 2604 955 2650 se
970 2605 1018 2651 ex
1033 2583 1124 2654 vin'-

54 2690 143 2771 ouli's
159 2700 268 2770 tetris
283 2700 426 2769 liberet.
463 2695 608 2786 Quibus
624 2698 786 2788 acceptis
800 2696 862 2765 illa
876 2700 1015 2770 misere
1028 2725 1122 2794 per-

10 2816 17 2837 '
54 2818 123 2914 cita
138 2812 386 2912 flebiliterque
402 2816 532 2910 lugens
548 2816 634 2925 abit.
653 2808 715 2908 (V.
732 2809 989 2910 577—911.).
1039 2817 1154 2889 lam·-

56 2932 220 3028 Ohorus,
246 2936 348 3006 Ionis
366 2937 580 3007 conditione
593 2928 734 3036 mi‘sera
745 2944 781 3003 et
796 2935 1034 3007 matrimonio
1048 2962 1122 3030 pe-

56 3058 182 3128 stifero
201 3068 426 3146 commotus,
456 3054 641 3124 connubia
657 3055 757 3125 inter
774 3055 943 3148 aequales
960 3064 998 3125 et
1013 3079 1122 3147 pares

59 3176 195 3268 optima
216 3199 314 3265 esse,
358 3174 534 3267 pestifera
565 3184 689 3243 autem
719 3198 941 3266 magnorum
965 3171 1122 3243 deorum
1181 3198 1185 3207 ’

59 3317 139 3363 oum
154 3280 396 3363 inferioribus
413 3293 576 3362 carmine
592 3291 755 3384 exponit.
782 3285 843 3382 (V.
863 3284 1120 3384 ξμς-942.)

58 3408 124 3480 His
137 3411 384 3515 Prometheus
402 3437 467 3483 sua
487 3412 652 3482 annectit
666 3412 712 3479 de
735 3410 837 3482 lovis
856 3409 1120 3500 imprudentia,

50 3531 117 3642 ¹qui
130 3530 267 3623 impari
276 3531 446 3625 conjugio
457 3533 527 3603 sibi
544 3530 737 3601 interitum
750 3529 831 3622 ipse
845 3541 1041 3623 paraturus
1054 3528 1120 3618 sit,
1159 3568 1161 3572 -

59 3649 134 3721 fore
150 3649 264 3739 enim,
278 3661 322 3720 ut
336 3652 388 3721 ita
401 3662 585 3742 nascatur,
613 3651 677 3745 qui
692 3648 797 3716 illum
814 3648 982 3740 pessimis
999 3644 1120 3716 modis
1215 3727 1217 3733 s

59 3767 100 3840 do
112 3769 252 3841 throno
268 3769 423 3862 dejiciat.
477 3769 578 3839 Tum
587 3768 766 3857 Chorum,
785 3767 849 3860 qui
865 3766 959 3835 iram
975 3763 1119 3834 exube-

56 3900 198 3960 rantem
213 3884 423 3957 demulcere
440 3888 585 3978 studet,
611 3889 790 3978 increpat,
816 3895 858 3954 ut
875 3885 934 3953 cui
950 3906 1016 3951 suo
1031 3905 1119 3950 mo-
1168 3882 1170 3887 ’

54 4007 138 4080 dulo
164 4006 369 4079 vivendum
391 4007 441 4076 sit
460 4030 530 4098 pro
553 4007 673 4076 futuri
694 4003 875 4096 temporis
898 3999 1118 4097 ignorantia,
1168 4054 1171 4060 .

50 4153 100 4222 se,
126 4124 320 4225 quid'ipse
331 4125 460 4220 possit,
485 4124 575 4220 quid
588 4125 751 4219 Jupiter,
776 4120 916 4192 habere
931 4117 1119 4212 cognitum

890 4247 913 4317 2
