2676 4756
538 278 770 361 ι-ι9-ι

121 480 300 559 undecim
323 466 473 575 syllable
497 463 772 565 consununus;
802 454 1010 557 h'odiernaa
1036 490 1190 583 treguas

123 604 206 675 diae
220 611 346 674 metro
370 593 540 685 solemni,
565 592 754 664 redditum
772 604 840 687 est,
866 618 952 692 quo,
977 599 1192 675 utJaeobsii

124 721 271 794 udone
294 715 449 791 metrica
472 713 538 789 vix
561 711 635 782 dici
652 722 772 806 queat,
797 700 1017 791 factumest
1069 719 1194 811 Quam

126 838 243 937 partis
267 834 446 909 metricis
469 830 530 903 his
545 830 758 904 nominibus
782 853 862 903 non
884 832 1106 909 laudandam
1121 859 1195 908 na-

128 970 252 1032 turam
274 963 422 1029 rantum
446 949 552 1022 abest
575 948 773 1044 interpres,
799 962 843 1024 ut
862 963 927 1025 aut
949 956 1108 1050 ignoret,
1132 969 1198 1034 aut

129 1087 269 1167 taceat,
300 1066 496 1166 ut,··qt'2ao
518 1068 644 1164 magni
667 1071 742 1144 viri
766 1082 824 1144 est
854 1074 1054 1166 modestia,
1089 1076 1199 1152 facile

130 1218 211 1269 sese
225 1194 274 1266 ab
287 1187 371 1264 aliis
393 1211 510 1284 posse,
518 1189 709 1284 praevorti
722 1190 885 1289 ingenue
898 1192 1058 1266 fateatur
1084 1188 1200 1289 (Mus.

131 1311 256 1387 Attico
271 1306 378 1383 tom.
409 1306 477 1378 ΙΙΙ.
509 1330 547 1401 p.
574 1297 689 1400 ssa).
739 1308 924 1382 Omnibus
957 1323 1099 1408 autem,
1134 1315 1201 1412 qui

112 1426 310 1525 Aeschyli
331 1424 534 1529 tragoediis
557 1426 757 1502 vernacule
786 1420 1012 1503 trafereudis
1035 1433 1201 1508 studium

111 1542 362 1649 ¹operamque
386 1545 621 1639 dicaverunt,
644 1547 808 1641 palmam
830 1547 1021 1623 Henricus
1036 1548 1205 1626 'Vossius

132 1666 352 1767 praeripuit.
404 1663 521 1758 Cujus
546 1687 640 1757 opus
667 1666 778 1739 etiam
801 1678 1003 1763 propterea
1026 1668 1204 1761 diuturna

131 1770 270 1882 piaque
293 1782 476 1857 memoria
500 1782 763 1877 dignissimum
789 1796 865 1878 est,
894 1786 994 1882 quod
1019 1788 1094 1860 duo
1118 1790 1206 1885 viri,

133 1904 185 1976 de
207 1903 343 1979 litteris
365 1900 598 1973 meritissimi
620 1902 663 1975 iu
687 1927 732 1975 eo
758 1906 929 2001 occupati
944 1905 1052 1978 diem
1068 1932 1207 2005 supre-

120 2047 246 2095 -mnm
261 2023 448 2107 obierunt
497 2017 596 2091 Nam
613 2044 729 2116 quum
751 2020 941 2095 Henricus
957 2020 1116 2099 Vossius
1139 2050 1209 2123 per

139 2141 272 2215 decem
294 2151 336 2212 et
356 2147 500 2235 septem
524 2157 643 2206 annos
662 2134 848 2231 Aeschylo
871 2162 942 2210 suo
968 2142 1105 2227 otium
1088 2166 1210 2257 4⁹29·
1274 2236 1276 2241 Ι

136 2280 295 2355 natuque
317 2264 517 2331 nataverat
542 2264 580 2326 et
610 2266 847 2367 praematura
878 2268 1002 2330 morte
1033 2220 1213 2379 &optus

137 2388 240 2469 erat,
275 2376 464 2449 lohannes
487 2370 679 2453 Henrious
704 2352 862 2446 Vossius
893 2386 1000 2469 pater
1024 2382 1122 2483 opus
1142 2366 1214 2455 lilii

138 2498 189 2570 ad
212 2495 329 2568 finem
352 2491 523 2565 nondum
545 2492 770 2584 perductum
793 2486 928 2562 limare
949 2507 988 2567 et
1006 2496 1118 2571 edere
1142 2498 1215 2570 sibi
1307 2487 1310 2493 ’

140 2615 352 2717 proposuit.
400 2608 487 2683 At
474 2635 507 2683 1s
534 2634 682 2708 quoquc
706 2611 833 2705 paucis
858 2612 966 2687 annis
989 2628 1078 2711 post
1091 2627 1216 2690 morte

140 2716 347 2828 impeditus
381 2743 457 2824 est,
496 2755 571 2826 quo
611 2731 736 2802 minus
751 2718 754 2723 ’
769 2729 953 2804 voluntati
986 2744 1024 2805 et
1056 2744 1144 2805 suae
1178 2742 1217 2805 et

142 2850 287 2926 mortni
311 2850 560 2941 satisfaceret,
603 2859 642 2921 et
667 2848 721 2921 ita
743 2845 977 2925 Abrahamus
1009 2850 1103 2925 alter
1137 2850 1218 2945 ejus
1295 2922 1299 2930 .

141 2970 247 3043 iilius
278 2969 430 3041 demum
461 2968 745 3055 conversionem
777 2967 887 3039 istam
918 2991 953 3039 a.
989 2968 1098 3041 1826.
1132 2972 1219 3051 ediff

145 3088 214 3163 dit.
264 3087 379 3181 Quod
405 3109 521 3184 quum
553 3086 605 3158 ita
638 3086 707 3179 sit,
740 3083 912 3180 quilibet,
949 3087 1011 3162 vel
1042 3110 1121 3161 non
1152 3091 1221 3161 ins
1324 3070 1328 3085 '

145 3217 277 3304 specto
308 3196 407 3279 libro
439 3203 549 3276 facile
580 3214 801 3298 auguratur,
838 3206 1009 3280 virorum
1040 3219 1117 3280 tam
1141 3208 1221 3285 iun-f

147 3323 320 3401 mortalis
335 3325 555 3412 ¹memoriae
588 3346 703 3418 opera
735 3322 874 3419 aliquid
912 3348 992 3397 uon
1032 3324 1223 3396 mediocre

149 3444 327 3519 effectum
351 3465 445 3517 esse.
494 3440 609 3534 Quod
640 3443 836 3537 augurium
868 3465 947 3513 nou
977 3453 1103 3540 potest
1134 3440 1243 3527 libri

151 3564 375 3639 accuratiori
399 3563 614 3657 cognitione
638 3584 717 3635 non
739 3560 962 3635 confirmari.
1013 3560 1094 3632 Nec
1113 3560 1225 3656 equi-s

151 3683 242 3755 dem
272 3680 351 3755 ullo
381 3691 491 3777 pacto
525 3681 672 3775 dubito,
715 3684 824 3777 quin,
863 3680 965 3777 quod
989 3677 1224 3751 Abrahnmus

153 3799 314 3884 Vossius
324 3799 561 3873 Praefatione
584 3807 723 3890 narrat,
748 3811 893 3895 patrem
919 3784 1099 3893 sperasse,
1125 3796 1224 3888 fore,

159 3930 203 3992 ut
223 3917 385 3992 Henriei
408 3917 549 4012 ingenii
573 3917 729 4011 vestigia
759 3941 802 3989 ac
826 3917 1008 3987 memoria
1032 3938 1102 4010 per
1129 3936 1225 3986 con-

162 4039 372 4115 versionem
397 4037 499 4108 iilam
532 4036 744 4131 posteritati
773 4035 1030 4125 traderentur,
1072 4052 1229 4128 prorsus

169 4169 206 4230 et
228 4157 375 4255 egregie
398 4166 522 4228 ratum
552 4152 653 4229 ficto
680 4152 778 4227 Tarn
811 4153 911 4227 enim
935 4162 1127 4226 accuratae
1162 4152 1228 4222 in·-¹
