2648 4756
359 276 396 338 J
524 297 779 377 ...(38.-

38 496 47 573 ’,
115 493 239 589 colligi
271 511 363 575 non¹
382 491 539 583 debere,
580 513 690 586 quam
723 504 816 586 quae
845 499 923 562 tam
956 486 1130 565 dilucide.
1156 503 1188 563 et

114 615 226 710 plane
250 611 500 682 demonstrata
526 618 564 680 et
589 632 764 702 expressa
789 607 874 701 sit.,·e
919 690 929 703 ,Ι
944 606 992 679 ab
1013 631 1186 704 unoquo-

115 757 209 828 que,
233 729 356 825 pulcri
380 730 548 824 rectique
572 751 685 798 sensu
711 748 790 798 non
814 751 838 796 o
933 732 967 818 ‘',
994 725 1108 799 facile
1129 751 1186 831 ea-

115 853 203 921 dem
229 859 267 931 et
290 848 503 922 inveniatur
528 857 566 917 et
595 845 834 939 intelligatur.
891 842 939 916 In
963 845 1185 916 Prometheo

116 993 209 1044 vero
235 990 415 1038 summam
441 965 559 1054 illam,
587 987 681 1057 quae
705 962 819 1055 vulgo
848 963 1037 1033 sententia
1060 974 1185 1056 poetae

113 1087 305 1160 sabulaeve
329 1081 546 1176 significatio
572 1081 694 1171 audit,
720 1104 790 1150 nec
813 1080 962 1174 planam
988 1104 1093 1173 esse,
1126 1105 1185 1151 nce

113 1206 311 1302 perspicue
337 1224 548 1294 expressam
575 1221 623 1269 ex
647 1222 692 1268 eo
720 1208 892 1291 apparet,
927 1200 1032 1293 quod
1056 1200 1184 1271 iudea

115 1321 336 1398 Robortello
361 1318 408 1388 ad
425 1315 653 1392 Velckerum
677 1318 921 1389 novissimum
944 1318 1182 1411 interpretem

112 1464 232 1537 usquc
257 1461 389 1511 eorum
415 1436 569 1531 quisque
594 1433 703 1505 eliam
728 1445 767 1506 et
796 1459 818 1505 a
844 1437 977 1507 ceteris
1005 1436 1181 1509 diversam

50 1644 56 1655 .
116 1583 164 1631 ex
194 1559 265 1630 hcc
297 1555 427 1628 eadem
455 1551 579 1625 sabula
611 1551 818 1624 enucleavit
851 1547 1039 1648 uniceque
1064 1577 1181 1629 veram

113 1676 254 1752 vidisse
278 1673 350 1744 sibi
372 1673 476 1747 visus
502 1683 569 1742 est
627 1666 683 1742 Ac
708 1673 742 1741 si
765 1670 840 1743 hoc
862 1682 1058 1744 tantorum
1082 1673 1179 1745 viro-

8 1826 16 1837 ‘
113 1821 199 1869 rum
224 1791 417 1864 dissidium
441 1789 663 1861 sententiam
686 1790 795 1861 istam
824 1778 943 1886 ipsam
968 1816 1068 1886 quae
1091 1790 1181 1862 Pro·

112 1913 263 1986 metheo
297 1902 482 1981 contineri
505 1908 708 2000 dicitur,
697 1933 738 1980 ιιι
771 1911 1023 2005 suspicionem
1055 1930 1181 1984 vocare

112 2042 255 2129 potest,
281 2042 362 2103 tum
381 2026 533 2099 omnino
552 2024 623 2098 hac
638 2016 876 2121 potissimum
890 2039 1031 2125 aetate,
1056 2029 1102 2097 in
1120 2051 1181 2122 qur

113 2152 204 2248 quid
236 2170 381 2246 quaque
413 2142 601 2239 tragoedia
637 2147 787 2280 antiqua
823 2147 1005 2218 doceatur
1042 2149 1198 2218 curiose*

112 2267 362 2362 investigari,
384 2264 513 2339 doceri
543 2272 667 2332 autem
698 2263 738 2332 in
764 2255 936 2335 omnibus
961 2267 1178 2337 sententiam

29 2428 47 2495 ,Α
113 2388 272 2482 aliquam
298 2383 394 2458 sumi
418 2380 562 2477 proqtl'e
586 2391 688 2452 certo
712 2381 843 2454 haberi
869 2384 982 2494 solet,
1018 2407 1101 2453 non
1124 2382 1178 2452 in-

110 2507 214 2603 utilis
229 2505 305 2580 riri
318 2503 429 2598 periti
449 2500 554 2570 labor
571 2498 660 2588 erit,
687 2524 882 2593 quaerere,
908 2515 1038 2575 utrum
1053 2513 1178 2596 poetae

112 2625 349 2696 Graecorum
372 2618 502 2714 tragici
526 2614 733 2688 fabularum
758 2643 943 2694 summum
970 2617 1094 2691 finem
1115 2620 1178 2690 hs-

112 2745 283 2828 buerint,
333 2750 377 2811 ut
411 2748 607 2832 praecepta
646 2736 905 2832 philosophica
944 2739 1178 2834 demonstra-

111 2874 259 2973 rentur
259 2883 310 2928 ac
335 2857 579 2945 docerentur,
618 2878 667 2924 an
699 2857 823 2950 potius
857 2881 971 2952 opera
999 2860 1094 2929 artis
1120 2881 1178 2930 sua

112 3006 134 3052 a
158 2930 415 3074 philosophiae
439 2972 693 3044 dominatione
723 2973 841 3046 libera
875 3001 956 3049 esse
986 2987 1027 3046 et
1048 3001 1123 3070 per
1144 2998 1177 3046 sc

108 3106 211 3169 stare
235 3091 533 3185 considerarique
558 3091 767 3162 maluerint.
831 3092 1021 3190 Quicquid
1046 3094 1090 3164 id
1115 3119 1178 3164 au

76 3246 79 3255 ·
108 3227 187 3286 tem
212 3220 288 3294 est,
320 3211 488 3281 omnium
515 3208 662 3279 fabulae
687 3207 837 3284 nostrae
860 3217 1177 3308 interpretamen-

16 3398 19 3407 ,
107 3344 235 3404 torum
260 3337 362 3399 certe
385 3349 463 3397 non
488 3328 817 3423 simplicissimum
831 3354 902 3427 nec
923 3331 1177 3403 felicissimum
1217 3414 1219 3443 Ι

1 3497 10 3518 i
108 3446 286 3524 Velckeri
309 3468 390 3517 esse
412 3444 572 3551 ndetur
633 3445 731 3517 Nam
764 3448 907 3542 quod
895 3473 928 3519 ss
951 3449 1177 3520 Prometheo

20 3614 48 3631 „
110 3552 237 3638 doceri
258 3576 361 3635 ratus
387 3572 475 3654 cst,
497 3562 538 3632 id
562 3566 734 3657 proxime
758 3566 861 3637 abest
885 3593 907 3638 a
931 3565 1063 3637 schola
1090 3568 1175 3639 Pla-

107 3687 232 3757 tonica
256 3693 294 3752 et
316 3680 551 3776 philosophia
574 3682 774 3774 hodierna,
806 3685 1022 3780 longissime
1055 3698 1176 3758 autem

108 3805 154 3874 ah
174 3798 349 3895 Aeschyli
373 3800 522 3871 sublimi
545 3798 789 3893 simplicitate.
840 3802 1035 3873 Cohaeret,
1052 3817 1175 3876 autem

88 3922 311 3997 ,arctissime
339 3918 434 3990 haec
462 3917 623 3990 fabulam
656 3919 928 4015 interpretandi
959 3920 1057 3991 ratio
1095 3946 1174 3993 cum

105 4061 170 4131 ca,
200 4036 280 4132 quu¹
304 4037 368 4112 r-ir
399 4039 472 4110 iste
496 4037 731 4108 doctissimus
756 4051 794 4109 et
817 4039 1034 4133 ingeniosus
1059 4051 1173 4111 totam

21 4220 24 4226 .
104 4155 336 4233 Graecorum
354 4147 624 4254 'mythologiam
651 4155 888 4229 considerare
920 4167 959 4230 ct
988 4157 1174 4255 explicare

887 4487 892 4497 ⁵
933 4312 998 4455 Ε
