2648 4756
207 1210 536 1350 jsasnms
570 1210 968 1310 nnsssarm.

481 1484 484 1520 Ι

61 1506 342 1642 lngrediuntur
376 1567 525 1617 scenam
551 1547 686 1618 Crator
709 1557 747 1621 et
768 1547 855 1639 Bia,
888 1546 991 1622 Jovis
1021 1547 1145 1639 serti„

63 1665 256 1741 Vulcanus
273 1675 311 1738 et
324 1662 584 1738 Prometheus.
633 1663 694 1736 llli
708 1663 811 1740 Jovis
826 1663 925 1736 dicto
942 1663 1134 1738 audientes

59 1784 219 1866 incitant
240 1779 460 1875 Lemnium,
486 1796 530 1870 nt
550 1806 673 1881 poena
698 1773 848 1856 decreta
867 1780 1136 1858 Prometheum

60 1901 206 1981 afficiat.
232 1899 379 1993 Quibus
387 1926 502 1996 quum
513 1902 670 2000 propter
684 1900 900 1974 affinitatem
908 1925 1013 1975 suam
1028 1914 1066 1977 et
1077 1906 1135 1976 rei
1152 1929 1156 1946 ¹

61 2020 332 2116 aliquantisper
355 2019 560 2094 reluctatus
582 2033 697 2122 esset,
731 2020 901 2111 tandem,
936 2031 980 2094 ut
1010 2005 1135 2118 jussus
1230 2053 1232 2059 >

60 2150 162 2231 erat,
186 2137 452 2210 Prometheum
466 2140 508 2209 in
522 2139 645 2213 vincla
659 2138 810 2231 conjicit
833 2148 871 2210 et
894 2138 1035 2212 iterum
1057 2142 1135 2214 ite·
1188 2189 1191 2194 -

57 2280 219 2353 rumque
227 2257 277 2328 ab
293 2256 566 2350 apparitoribus
582 2257 795 2328 admonitus
810 2255 1042 2350 pedetentim
1057 2260 1135 2330 mis

59 2377 154 2451 seris
169 2356 292 2445 modis
306 2374 395 2469 rupi
408 2385 631 2469 praeruptae
645 2373 770 2469 alligat
778 2368 842 2471 (V.
855 2371 1019 2472 1--87.),
1043 2361 1138 2454 Post

58 2518 193 2569 eorum
207 2491 350 2564 abitum
366 2490 458 2562 deus
474 2493 643 2585 vinctus,
670 2492 731 2563 cui
746 2515 795 2565 ne
809 2495 1021 2590 gravissimi
1046 2498 1135 2594 qui-
1263 2527 1265 2532 ’

58 2614 147 2686 dem
162 2610 459 2684 doloresvocem
473 2630 588 2682 unam
604 2615 830 2706 extorquere
843 2622 1058 2708 potuerant,
1067 2617 1133 2687 in-
1174 2691 1182 2710 ‚

17 2739 22 2745 '
57 2741 169 2808 vocat
185 2725 385 2821 aetherem,
400 2722 520 2819 auras,
536 2726 739 2802 fluviorum
755 2730 890 2822 fontes,
908 2731 1134 2828 altumpon-
1191 2822 1193 2826 Ι

56 2857 159 2941 tmn,
185 2845 404 2931 Tellurem,
434 2847 571 2940 Solem,
597 2846 786 2943 Deosque,
810 2860 853 2921 ut
878 2832 1133 2947 quibuspoe-

56 2969 119 3041 nis
141 2967 223 3060 ipse
247 2964 395 3037 Densa
418 2964 504 3038 Diis
528 2965 717 3041 crucietur
741 2969 951 3064 inspiciant.
1001 2969 1133 3046 Jovem

56 3086 206 3157 incusat
237 3082 443 3176 injustitiae
474 3096 514 3158 et
546 3084 794 3178 crudelitatis,
829 3098 1050 3184 narratque,
1091 3113 1133 3161 se
1225 3090 1227 3107 i

55 3214 216 3302 propter
232 3199 423 3295 beneficia,
438 3199 749 3298 hmnanc'generi
766 3203 899 3295 oblata,
924 3216 1027 3279 tanta
1040 3207 1131 3300 pati.
1215 3210 1228 3229 ‘⁴

56 3319 287 3417 Extempulo
319 3322 584 3423 animadvertit>
609 3321 729 3394 Obori
758 3324 977 3416 adventum,
1019 3350 1131 3420 quem

56 3460 177 3538 quum
193 3440 364 3512 nondum
383 3426 674 3536 contempletur,
701 3444 868 3536 quaerit,
894 3443 958 3538 qui
972 3443 1067 3544 sint,
1093 3454 1132 3517 et
1231 3478 1234 3487 ·

54 3560 191 3632 rursus¹
203 3557 413 3632 volucrium
428 3561 586 3653 strepitu
603 3561 808 3634 concitatus
824 3562 869 3633 ab
893 3561 1131 3635 advenienti-

54 3679 127 3750 bus
142 3677 251 3748 timet
266 3671 329 3772 (V.
342 3672 556 3772 88-1s7.).
597 3679 678 3750 lam
693 3678 841 3758 advolat
848 3679 1007 3770 Chorus,
1035 3702 1131 3751 con-

55 3808 160 3869 stans
177 3818 225 3869 ex
233 3784 526 3888 oceanitidibus,
552 3821 647 3893 quae
662 3799 826 3892 primum
843 3804 1066 3888 asseverant,
1088 3819 1130 3869 se

54 3917 196 3986 amicas
213 3914 342 3988 venire
356 3915 603 4008 Prometheo,
628 3916 848 3996 malleorum
874 3938 967 3987 sono
990 3913 1130 3985 frustra

53 4013 245 4105 renitente
260 4032 404 4126 pudore
420 4034 589 4128 virgineo
604 4037 776 4112 invitatas
797 4028 860 4129 (V.
874 4026 1129 4126 128--158.).

54 4151 228 4225 Narratis
243 4174 265 4221 a
279 4151 527 4245 Prometheo,
563 4177 657 4249 quae
672 4177 803 4261 passus¹
821 4153 870 4225 sit
885 4152 985 4246 ipse,
1011 4150 1129 4221 mise-
