2676 4756
539 248 929 347 *fite-¹

228 454 360 535 lovem
400 456 441 530 in
473 457 697 532 Prometheo
736 461 861 536 vincto
898 484 1055 558 prorsus
1087 464 1172 539 alim

129 603 228 674 esse,
262 591 373 675 atque
404 603 427 650 e
456 601 586 672 graeca
610 579 763 652 natione
787 577 937 681 fictum,
975 579 1172 657 censuerim

127 712 277 798 praeter
308 697 400 770 alios
422 697 687 790 Bluemnerus,
726 696 867 771 amicus
890 696 1071 776 Velckeri
1102 725 1172 775 ano

50 814 52 819 ⁴
126 840 283 915 nymus‚
315 814 522 892 Velckerus
547 817 639 910 ipse.
690 815 812 914 Atque
836 816 892 886 illi
916 816 991 888 duo
1014 816 1113 891 hanc
1134 819 1172 891 di·

125 959 273 1014 versam
306 934 368 1005 dei
399 932 561 1027 speciem
593 958 616 1005 a
647 935 815 1007 fabulosa
850 936 1062 1028 argumenti
1091 937 1172 1009 istiu

123 1054 272 1129 fabulae
296 1053 513 1147 antiquitate
537 1056 787 1147 repetierunt3
811 1045 881 1146 ³³)
896 1049 1104 1127 Velckerus
1121 1080 1172 1152 po

127 1175 203 1266 nit,
238 1169 467 1266 Aeschylum
492 1175 681 1266 mysteriis
704 1174 907 1246 Eleusiniis
932 1173 1119 1247 initiatum
1137 1174 1171 1221 ³⁴

22 1274 30 1303 ¹
126 1305 165 1366 et
188 1288 425 1387 philosophia
451 1289 635 1362 imbutum
669 1303 708 1364 et
739 1293 984 1364 excellentem
1005 1288 1065 1387 ³²⁵)
1095 1290 1171 1364 ludi

124 1412 209 1485 brio
235 1408 525 1481 circumvenisse
550 1407 781 1483 Graecorum
813 1410 860 1482 de
883 1405 976 1484 Jove
1001 1410 1171 1506 exponen

124 1542 184 1604 tes
209 1527 361 1600 fabulas.
418 1520 693 1622 Mysteriorum'
718 1539 842 1601 autem
874 1541 1020 1624 partem
1045 1551 1068 1598 a
1089 1537 1171 1624 poet

123 1648 167 1722 in
192 1645 327 1719 fabulis
354 1643 556 1731 detectam,
582 1667 742 1743 cumque
764 1659 964 1743 propterea
989 1656 1171 1720 acciisatui

127 1789 220 1858 esse,
238 1761 449 1837 Aristotelis
464 1765 680 1836 testimonio
697 1768 960 1862 comprobatur
974 1763 1048 1865 ³⁶).
1085 1768 1170 1860 Quo

126 1910 150 1957 a
173 1882 360 1958 Valckero
385 1883 622 1977 propositum
647 1895 724 1977 est,
759 1910 978 1982 quamquam
1005 1896 1095 1959 *unte
1120 1885 1171 1981 ejt

123 2005 263 2077 librum
278 2001 488 2098 inspectum
513 2002 595 2095 ipse
619 2003 817 2096 sentirem,
842 2017 967 2077 tamen
980 2016 1131 2101 postea,
1153 2029 1170 2077 ι

124 2120 330 2196 accuratius
367 2143 569 2217 perpensa,
610 2120 766 2192 missum
799 2122 882 2195 feci.
925 2124 1119 2222 ,Namque
1148 2147 1170 2197 e

10 2288 13 2295 ·
123 2239 334 2314 Aristotelis
375 2236 589 2310 testimonio
630 2261 709 2309 non
749 2253 929 2334 apparet,
972 2242 1170 2319 Promethe

124 2380 275 2456 quoque
298 2357 476 2452 mysteria
500 2355 546 2426 ab
571 2351 757 2452 Aeschylo
783 2359 927 2437 detecta
952 2387 1053 2455 esse,
1077 2386 1170 2461 nequ

123 2477 289 2568 sabinae,
322 2487 366 2547 ut
399 2485 479 2546 erat
509 2475 550 2543 in
576 2498 644 2545 ore
669 2476 787 2571 vulgi,
822 2500 921 2553 nova
943 2481 985 2551 in
1008 2480 1170 2577 tragoedi

123 2594 331 2690 Aeschylee
352 2592 477 2665 addita
494 2582 577 2664 esse
594 2593 788 2687 videntur,
815 2619 885 2682 nec
910 2599 1073 2695 denique
1096 2599 1170 2672 creti

124 2697 278 2813 potest‚'
295 2724 464 2808 poetam,
498 2713 531 2782 si
554 2711 716 2785 ludibrio
742 2715 846 2810 vulgi
871 2716 918 2788 dc
943 2717 1016 2789 diis
1039 2743 1170 2815 persua·

122 2837 268 2906 sionem
291 2832 439 2903 laedere
463 2831 660 2928 consilium
684 2835 835 2925 fuisset,
863 2836 1030 2930 ejusdem
1045 2839 1169 2910 irame

125 2952 253 3024 odium
279 2950 461 3045 ellugisse.
511 2950 654 3030 Notum
680 2955 880 3044 emineat,
915 2967 1096 3048 quantum
1119 2954 1169 3026 So

123 3082 242 3143 crates
267 3079 423 3165 propter
448 3062 617 3165 ἀσέβειαν
642 3072 798 3143 subierit
822 3072 1056 3166 supplicium.
1115 3069 1169 3146 Ae·

86 3232 89 3239 ·
123 3191 222 3262 cedit
246 3189 467 3279 maximum,
494 3189 594 3283 quod
618 3189 764 3284 Jupiter
784 3212 862 3261 non
880 3189 954 3260 nisi
973 3191 1020 3263 ab
1044 3190 1169 3263 inimici

10 3330 16 3417 }
122 3317 161 3380 et
182 3307 248 3399 iis,
273 3306 338 3401 qui
357 3306 405 3377 ad
418 3306 530 3402 hujus
544 3309 838 3380 misericordiam
856 3320 894 3382 et
909 3288 1169 3384 familiaritatet't

165 3581 169 3588 ¹
192 3515 235 3590 ⁸⁸)
260 3517 393 3574 Bluemn.
417 3516 438 3572 l.
455 3516 475 3572 l.
498 3536 528 3593 p.
548 3520 608 3574 125.
643 3518 817 3593 Anonymus
840 3517 1109 3594 apud'velckerum
1128 3509 1168 3574 hl

120 3624 152 3681 1¹·
169 3621 213 3676 9²·
234 3621 298 3677 sqq.

194 3703 241 3776 ⁸⁴)
257 3701 406 3777 Aristoph.
424 3703 498 3762 Rau.
516 3704 576 3760 886.
593 3718 659 3778 sqq.

189 3805 242 3871 ⁸⁸)
264 3801 426 3860 Athenaeus
448 3803 649 3878 Deipnosoph.
666 3803 750 3877 Vlll,
773 3808 800 3862 8.
833 3817 905 3864 tom.
925 3806 978 3867 111.
1012 3822 1044 3882 p.
1057 3800 1168 3879 ⁴281.⁴.¹l

120 3890 278 3964 S'chweigh.
301 3884 447 3962 φιλόσοφοι
467 3885 518 3962 ἦν,
539 3889 652 3964 lnquit,
676 3889 734 3948 τοῖν
758 3890 833 3949 πάνυ
856 3891 875 3950 o‘
897 3891 1041 3967 Αἶσχόλαε.
1080 3890 1168 3951 Tullia

120 3979 207 4033 Tusc.
230 3977 358 4050 Disputt.
376 3973 418 4043 ll,
437 3972 478 4031 io.
504 3975 679 4049 „Aeschylus
702 3996 763 4034 non
787 3989 874 4054 poeta
897 3979 1008 4051 solum,
1036 3979 1085 4037 aed
1098 3976 1168 4037 'etim

120 4062 326 4137 Pythagoreus.
360 4061 408 4117 Sic
425 4061 502 4118 enim
518 4063 707 4136 acecpimus-‘f

190 4162 235 4236 ν)
254 4159 565 4235 nu.1ucom.111,2.
689 4166 691 4173 ¹
