2676 4756
514 268 871 393 --ss--x

112 456 341 569 Quamquam
355 466 491 540 infitias
508 492 585 541 non
607 467 752 575 iverim,
777 479 938 563 poetam,
966 496 1077 568 quem
1092 498 1180 573 my·
1271 448 1277 464 ³

110 593 227 668 steriis
260 587 465 662 Eleusiniis
505 588 692 662 initiatum
729 586 845 658 luisse
878 600 1025 664 veteres
1058 597 1180 669 tradi-

110 712 260 801 derunt,
286 706 477 805 vulgarem
502 704 768 802 mythologiam
795 703 1029 806 deorumque
1050 736 1179 810 popu.

108 829 238 927 larium
268 826 418 901 turbam
452 824 644 921 despectui
677 824 798 922 iisque
834 825 956 919 missis
990 850 1069 903 non
1106 835 1181 907 nisi

108 947 240 1021 Fatum
272 968 335 1018 res
367 945 576 1017 mundanas
608 965 741 1037 regere
766 941 838 1012 sibi
861 966 1080 1038 persuasum
1105 948 1179 1022 ha-

108 1066 226 1139 buisse
246 1057 319 1159 ¹⁸).
386 1063 460 1137 Vel
490 1073 636 1135 tantum
670 1062 792 1152 abest,
830 1071 873 1133 ut
896 1061 992 1135 Fato
1016 1080 1179 1144 summas

107 1207 144 1258 ec
173 1181 383 1279 singulares
415 1192 539 1277 partes
577 1181 621 1252 in
655 1177 727 1249 hac
759 1178 884 1252 fabula
916 1179 961 1252 ab
993 1180 1180 1282 Aeschylo

107 1302 302 1399 mignatas
327 1322 411 1372 esse
442 1321 640 1394 negemus,
675 1308 719 1369 ut
750 1294 825 1368 hoc
855 1308 989 1393 poetae
1013 1304 1055 1375 in
1079 1329 1180 1402 pan.

107 1420 231 1518 gendis
252 1416 493 1494 Prometheis
523 1441 711 1490 summum
742 1415 939 1488 consilium
973 1421 1020 1493 ob
1046 1424 1176 1496 oculos

107 1542 339 1635 animumque
357 1538 596 1627 obversatum
617 1557 699 1607 esse
723 1557 957 1629 censeamus,
983 1551 1028 1610 ut
1040 1540 1178 1616 Fatum

107 1657 398 1755 potentissimum
430 1678 473 1728 ac
505 1653 780 1728 sanctissimum
814 1665 851 1725 et
883 1655 931 1727 de
965 1657 1035 1730 diis
1066 1671 1105 1732 et
1129 1660 1177 1733 de
1267 1645 1276 1653 ..

107 1776 274 1850 heroibus
312 1773 458 1869 quoties
498 1774 777 1869 obstreperent,
818 1773 1031 1870 triumphos
1044 1802 1175 1876 ,agere

106 1893 414 1992 splendidissimos
440 1893 601 1965 doceret.

194 2010 327 2107 Itaque
350 2033 401 2082 ne
424 2002 626 2102 miremur,
653 2011 744 2106 quid
761 2011 828 2104 sit,
855 2015 955 2108 quod
970 2009 1175 2111 Aeschylus

106 2131 253 2203 leorum
275 2129 440 2226 principi
465 2129 581 2199 animi
605 2130 839 2202 ferocitatem
859 2143 897 2204 et
918 2131 1174 2206 crudelitatem

106 2249 293 2323 etmalam
317 2228 512 2319 libidinem
537 2270 581 2319 ea
613 2249 654 2319 in
687 2248 812 2321 sabula
841 2251 1065 2345 imputaret,
1102 2275 1174 2346 qua

106 2365 246 2462 Fatum,
272 2367 344 2438 diis
369 2366 658 2463 hominibusque
682 2366 793 2460 longe
812 2370 1001 2461 potentius
1023 2379 1061 2441 et
1081 2393 1173 2441 san-

106 2488 189 2561 ctius
215 2484 575 2559 esse'demonstrare
593 2486 831 2580 propositum
851 2497 941 2558 erat.
991 2488 1173 2586 Utrisque

105 2609 196 2681 enim
227 2604 340 2678 simul
373 2604 560 2676 collocatis
593 2615 632 2676 et
663 2605 714 2675 ita
746 2604 848 2674 inter
881 2629 922 2676 se
948 2608 1171 2700 comparatis

105 2726 176 2798 illos
201 2748 406 2820 eorumque
429 2746 558 2818 regem
582 2720 656 2793 hoc
681 2722 880 2793 debiliores
904 2735 943 2795 et
960 2725 1086 2797 minus
1105 2704 1170 2818 ju-

106 2855 171 2916 stos
195 2845 356 2918 describi
380 2841 558 2938 oportuit.
609 2839 742 2936 Neque
761 2859 859 2937 vero
881 2863 979 2915 nova
996 2852 1036 2916 et
1055 2842 1172 2924 inan-7

108 2942 172 3035 diu
203 2963 361 3055 crimina
391 2972 504 3057 poeta
531 2960 616 3035 lori
647 2959 777 3050 finxit,
813 2984 928 3055 quum
961 2971 1094 3032 notum
1112 2962 1170 3036 ‘in

109 3082 310 3178 antiquitate
336 3094 435 3154 essct
460 3090 497 3151 et
520 3081 672 3172 tritum,
700 3090 738 3150 et
762 3077 980 3157 libidinosos
1004 3078 1068 3150 hic
1092 3080 1169 3152 illic

110 3219 175 3270 esse
207 3189 317 3291 deos,
360 3191 408 3272 et‘
431 3198 547 3270 multa
579 3199 623 3270 nb
656 3199 703 3268 iis
735 3196 836 3285 sacta
865 3223 982 3294 aequa
1005 3198 1169 3290 justitiae

110 3313 198 3391 hace
227 3342 308 3390 non
339 3320 456 3391 fuisse
486 3340 612 3413 pensa.
672 3312 727 3387 Ac
758 3315 897 3415 Jovem'
923 3342 946 3387 a
964 3316 1168 3393 ,communi

108 3431 164 3508 ists
194 3437 277 3510 labe
290 3482 297 3499 s
311 3461 393 3509 non
420 3439 580 3510 liberum
604 3434 803 3528 mansisse,
838 3436 985 3506 abunde
1016 3447 1176 3530 praeter,

105 3552 164 3628 slis
186 3558 383 3628 innumera
408 3555 543 3628 docent
570 3553 754 3646 Semelae,
786 3552 980 3650 Europae,
1017 3554 1166 3626 Danaes

104 3685 238 3771 stupra,
263 3672 462 3747 Alcmenae
486 3673 719 3746 adulterium.

104 3819 302 3838 w

157 3904 202 3974 ⁸²)
226 3902 401 3977 Dignissima
423 3912 491 3959 sunt
515 3900 607 3971 lectu,
634 3919 708 3974 qnae
732 3899 767 3956 de
790 3897 923 3972 Aeschyli
945 3899 1064 3953 notione
1080 3897 1164 3954 Dices

104 3989 262 4045 tNemesis
283 3989 448 4045 admirabili
475 4008 542 4044 cum
568 3990 701 4043 acumine
730 3998 758 4044 et
779 3987 983 4062 perspicuitate
1009 3983 1094 4040 docet
1117 3986 1163 4041 rir

107 4076 299 4133 lustrissimus
316 4076 394 4130 Guil.
413 4077 447 4131 dc
463 4074 628 4131 Humboldt
648 4074 680 4130 in
692 4074 913 4136 introductione
929 4073 966 4130 ad
982 4089 1065 4128 suam
1082 4072 1163 4144 Agaq

104 4162 254 4222 temnonis
270 4162 453 4227 tralationem
472 4159 654 4217 vernaculam
674 4180 705 4235 p.
718 4161 865 4220 Ill-Vl.
