2676 4756
557 328 815 405 ...73-

223 514 324 600 ταῦτ’
349 516 425 622 ἄρα
449 492 623 612 ἁζόμενος
646 509 739 610 τίμοί
764 507 988 613 ἀριδείκετον
1010 506 1102 595 sidua
1209 564 1213 572 ·

82 634 85 699 l
223 642 281 718 ιιαί
297 665 367 737 περ
389 629 589 733 χωόμενος,
614 628 744 735 παύθη
762 627 871 726 χόλου
880 693 893 729 ,
919 635 963 711 ὃν
980 639 1067 736 πρίν
1080 639 1223 732 ipsum

82 774 84 779 '
223 752 334 836 οὕνεκ’
357 757 495 856 ἑρίζοτο
519 746 656 852 βονλοῖς
681 750 876 849 ὑπερμενέϊ
895 759 1094 857 Κρονίωνι.
1225 800 1233 813 ·

82 934 84 961 ⁵
164 923 268 1014 Quam
281 921 509 994 Hesiodeam
529 918 803 990 enarrationem
817 917 990 1017 Aeschyli
1004 922 1129 994 animo
1146 922 1220 994 ob-

82 1046 85 1065 '
164 1054 329 1113 versatam
347 1063 520 1112 essenon
543 1036 716 1131 estqu'od
733 1037 933 1110 dubitetur.
984 1037 1034 1113 At
1048 1066 1152 1135 vero,
1177 1051 1253 1113 ut·'

164 1157 236 1232 licet
254 1171 387 1256 poetae
410 1156 593 1251 imprimis
615 1157 777 1251 tragico,
801 1158 946 1230 fabulae
968 1159 1105 1255 partim
1123 1159 1222 1230 reti-

82 1352 84 1357 ,
163 1278 273 1371 nebat,
297 1276 435 1373 partim
457 1274 632 1359 mutavit,
654 1276 793 1368 partim
815 1277 1086 1397 deniquppsrti
1106 1299 1221 1372 prae-

82 1380 87 1429 t
162 1399 306 1487 ponebat
321 1405 385 1469 aut
398 1390 664 1488 postponebat,
689 1406 805 1488 prout
820 1396 948 1467 usibus
968 1397 1044 1465 suis
1060 1399 1221 1467 maxime

163 1487 244 1586 esset
267 1510 568 1585 consentaneum.
629 1510 684 1581 Ita
715 1500 919 1606 duplicem,
953 1538 1063 1608 quam
1086 1514 1222 1586 Theo-

82 1640 86 1649 '
160 1634 255 1722 genia
268 1633 399 1724 habet,
423 1630 640 1702 Promethei
659 1631 805 1725 culpam
820 1632 1026 1724 simplicem
1045 1631 1221 1725 reddidit,

160 1760 241 1838 quae
262 1761 349 1821 sunt
369 1750 410 1819 in
436 1748 586 1821 sciendo
613 1760 650 1820 et
670 1750 828 1821 tacendo
844 1750 1042 1845 mysterio,
1067 1750 1114 1821 de
1129 1748 1222 1824 Jove

159 1846 375 1961 exponente,
402 1867 449 1938 de
474 1869 549 1938 suis
571 1861 744 1960 addidit,
763 1869 890 1941 dolum
911 1867 1147 1960 Promethei,
1174 1867 1221 1939 sb

155 1964 314 2058 Hesiodo
356 1996 686 2059 commemoratum
725 1984 831 2081 fecit,
870 1998 913 2057 ut
946 1987 1219 2081 praetereundo

154 2095 294 2180 Chorus
319 2102 529 2200 significare
552 2088 816 2203 videripossit
838 2105 887 2182 V.
906 2105 991 2176 558.
1008 2127 1108 2201 sqq.:

333 2246 430 2361 ‚Wl‘f
455 2241 552 2330 ἑλινιί
576 2260 630 2310 ·’-
791 2354 795 2359 ,

344 2399 448 2472 οαιμι
473 2366 585 2458 &eosic
610 2366 724 2458 ὁσίαις
746 2364 894 2471 Μ»-

347 2518 429 2578 ναις
453 2494 735 2593 ποτινισοομένα
752 2480 759 2489 ”
799 2490 802 2495 ’

334 2604 558 2719 βουφόνοις.

130 2750 414 2850 Prometheum
438 2777 613 2875 ‚denique
652 2777 747 2854 Jove
784 2774 905 2852 ¹invito
944 2772 1143 2848 liberatum
1173 2771 1226 2845 iri

130 2893 346 2993 Praedieit3
374 2907 419 2968 ut
440 2899 567 2992 paucis
589 2899 715 2972 verbis
738 2899 923 2990 dieamus,
953 2897 995 2966 in
1024 2918 1068 2966 eo
1095 2891 1224 2962 elabo-

131 3011 265 3106 ravit,
282 3027 342 3087 >ut
364 3037 452 3087 suus
473 3016 718 3087 Prometheus
742 3015 902 3086 Hesiodi
932 3014 1044 3106 longe
1068 3007 1226 3103 effinge-

132 3130 255 3202 retur
279 3133 460 3225 divinior,
494 3133 755 3224 excellentior,
786 3135 942 3225 fortior,
971 3153 1050 3199 non
1075 3128 1227 3198 callidus

136 3227 375 3351 dolosasque
412 3252 637 3323 fabricarum
678 3258 860 3322 structor·
880 3248 1114 3336 Hesiodeus,
1160 3247 1227 3316 sed

139 3342 282 3460 heros,
325 3368 570 3456 admiratione
611 3381 649 3441 et
680 3369 936 3444 misericordia
977 3365 1226 3459 dignissimus.

139 3461 241 3558 Quo
264 3487 311 3559 de
335 3487 475 3581 optime
500 3483 665 3584 disputat
685 3487 789 3559 Frid.
811 3484 1003 3580 Jacobsius
1025 3482 1124 3554 Mus.
1149 3479 1228 3556 Att.
1270 3547 1272 3551 .

136 3587 489 3699 hamum.
874 3582 1000 3619 ‘⁴

252 3721 441 3795 Lucienus
472 3723 635 3820 dialogo,
676 3723 741 3820 qui
772 3722 1020 3798 Prometheus
1048 3718 1227 3817 inscribi-

134 3821 233 3926 tur,
257 3839 469 3915 Hesiodum
493 3846 676 3939 sequitur,
700 3865 780 3915 non
804 3838 1056 3936 Aeschylum.¹
1089 3838 1230 3912 Narrat

131 3946 255 4030 enim
281 3959 386 4053 jecur
411 3963 446 4033 ei
462 3953 590 4058 petrae
610 3960 720 4033 affixo
744 3962 869 4033 statim
890 3955 1113 4050 'devoratum
1135 3980 1230 4051 esse,

123 4063 229 4141 ΙΙ011
254 4089 449 4176 postquem
473 4080 698 4151 clandestina
714 4080 762 4151 de
775 4080 868 4152 Jove
889 4075 1035 4149 edicere
1054 4075 1230 4149 noluerit.

118 4154 202 4249 It&
230 4192 444 4272 Mercurius
466 4209 554 4296 post
573 4198 720 4276 vincula
742 4205 865 4296 aptata
886 4186 1158 4296 καταπτήσεται
1179 4192 1231 4295 dl,
