2676 4756
427 304 801 417 ‘'f-⁴9*
909 363 938 379 ..

230 498 289 572 Ita
313 522 361 571 ex
385 497 508 592 primo
534 495 645 587 vitio,
687 494 788 590 quod
819 503 931 587 poeta
961 494 1002 564 in
1028 493 1206 590 eligendis
1230 502 1249 563 .'

124 616 409 709 statuendisque
425 615 543 686 Chori
556 613 728 709 personis
741 605 802 709 ²¹)
821 611 1068 708 commiserat,
1094 613 1204 689 dein-
1255 658 1259 664 ·

124 758 216 830 ceps
242 733 314 806 alia
337 732 454 807 multa
477 742 687 810 natarunt

124 1005 275 1077 assentiri,
302 1005 353 1065 ii.
369 1025 401 1084 p.
419 1004 478 1064 ns.
496 1000 670 1083 disputanti:
702 1008 764 1073 „in
788 1004 866 1061 alien
882 998 988 1062 werhen
1010 1005 1059 1060 dea
1082 1005 1203 1062 dichtete

124 1092 189 1161 (dea
205 1084 374 1165 Aesolfflus)
398 1096 436 1148 iet
458 1094 504 1147 dio
522 1093 600 1148 wohl
623 1094 673 1146 der
691 1109 826 1164 porronon
848 1110 911 1145 zum
934 1091 1006 1144 chor
1027 1091 1204 1166 meisterhaft
1308 1085 1310 1089 ’

123 1177 276 1250 gatroffen,
297 1177 358 1234 iim
381 1177 610 1236 individualiter!
626 1179 678 1237 mit
700 1177 819 1232 rieberer
834 1177 912 1231 hand
926 1175 1059 1248 geholtm
1078 1165 1137 1231 und
1152 1182 1205 1252 der
1234 1170 1239 1179 ’

124 1272 252 1317 contrane
278 1265 330 1318 mit
356 1267 406 1319 der
434 1267 621 1338 hauptperson
647 1282 702 1319 von
727 1273 865 1336 groesrter
886 1262 1072 1318 schoenheit.“
1117 1263 1203 1321 Certe

124 1344 313 1406 haecomnia
330 1349 367 1406 ad
383 1349 589 1408 Prometheum
605 1350 736 1405 vinetum
755 1348 901 1422 applicare
917 1365 978 1405 non
995 1346 1071 1404 iicet.
1176 1376 1179 1380 ·

194 1450 241 1522 ¹²)
258 1451 301 1504 At
318 1449 427 1505 dixerat
444 1451 604 1526 quispiam,
632 1447 712 1522 quod
739 1467 800 1503 non
824 1449 880 1503 nisi
898 1447 988 1503 animi
1005 1466 1091 1505 cauta
1107 1468 1201 1509 anne-

124 1534 245 1603 ctimus,
269 1535 414 1609 sapienter
430 1545 460 1591 et
476 1536 610 1592 consulto
629 1534 845 1592 Oceanitidihus
862 1533 952 1589 Chori
969 1545 1066 1607 partes
1083 1554 1100 1591 a
1116 1549 1203 1611 poetu

125 1621 249 1675 trihutaa
282 1639 350 1677 ease.
390 1618 480 1677 Tradi
515 1624 593 1679 enim
619 1621 656 1678 ah
686 1621 827 1676 Androne
849 1616 1095 1677 Halicarnassensi
1122 1624 1201 1698 apud
1240 1688 1245 1697 Ι
1296 1636 1299 1641 ’

127 1705 298 1763 tcholiasten
320 1707 357 1764 ad
378 1707 604 1783 Lycophronem
626 1711 664 1765 V.
680 1709 758 1779 ⁸94„
787 1713 927 1779 quattuor
951 1704 1082 1762 hahuisse
1107 1709 1218 1767 Ocea'·>

127 1808 199 1849 uum
213 1792 306 1863 filias,
323 1792 595 1868 Asiam,>Lihyam,
614 1793 764 1863 Thracen,
781 1792 949 1865 Europam,
966 1810 984 1846 a
996 1793 1101 1865 quihus
1113 1808 1202 1868 qnat-

127 1886 194 1933 tuor
217 1887 314 1933 terrae
337 1892 433 1954 partes
455 1884 575 1938 nomina
591 1880 749 1936 traherent.
791 1878 845 1934 Hie
870 1877 961 1949 igitur
977 1879 1124 1952 ingeniose
1140 1884 1202 1939 rie-

128 1963 256 2036 aehyium
275 1964 387 2035 iecisse,
404 1977 439 2022 ut
456 1967 571 2023 Chorus
590 1974 750 2031 constaret,
770 1981 845 2038 quae
862 1973 957 2018 terrae
974 1963 1138 2024 incolarum
1155 1986 1202 2026 ες.

131 2059 190 2105 sent
205 2051 288 2124 quasi
304 2051 430 2125 legatae,
459 2052 663 2110 Prometheum
679 2051 756 2105 inter
776 2059 805 2104 et
821 2049 889 2103 deos
905 2049 1025 2106 mediae.
1065 2054 1200 2116 Primum

133 2153 198 2190 vero
213 2137 334 2194 iliorum
351 2139 506 2195 nominum
523 2149 552 2194 et
568 2137 654 2210 hujus
670 2136 757 2191 officii
775 2134 884 2189 mentio
900 2133 932 2189 in
949 2134 1120 2194 Prometheo
1137 2161 1200 2201 non

130 2221 288 2296 iuvenitur,
319 2244 392 2300 quae
414 2224 527 2282 disertis
543 2224 641 2281 verbio
666 2218 742 2278 iacta
766 2217 963 2290 inveniretur,
988 2215 1020 2275 oi
1045 2223 1200 2287 nominum

132 2307 334 2385 significatione
351 2322 436 2385 poeta
453 2309 497 2366 uti
513 2310 659 2366 voluisset.
692 2305 802 2364 Deinde
818 2304 955 2372 nescitur,
971 2323 1044 2364 num
1057 2311 1199 2386 Aeschylo

134 2411 200 2469 quae
216 2393 311 2453 Audr'.
328 2405 446 2463 narrat,
469 2397 662 2452 innotuerint.
706 2391 806 2447 Tertio
826 2391 952 2464 denique
967 2397 1079 2468 opponi
1095 2411 1204 2474 posset,

133 2485 347 2555 quaternarium
370 2481 461 2538 Chori
484 2481 677 2557 personarum
700 2494 825 2534 numero
849 2495 911 2532 non
933 2479 1073 2541 sufficere.
1115 2487 1200 2543 Unde

135 2570 329 2644 consequitur,
354 2579 388 2624 ut
409 2569 476 2643 pius
494 2578 632 2645 quattuor
647 2566 779 2641 personis
795 2559 960 2619 Promethei
977 2565 1066 2622 vincti
1085 2566 1199 2633 Chorus¹
1294 2591 1296 2594 ⁴

138 2657 296 2714 constiterit.
343 2655 410 2710 Hoc
432 2665 529 2712 autem
551 2654 576 2709 si
600 2672 703 2709 verum
729 2661 786 2717 est,
819 2646 940 2704 illorum
965 2653 1119 2710 nominum
1144 2674 1200 2714 nec

136 2742 234 2798 mentio
261 2760 315 2798 nee
338 2738 510 2812 significatio
535 2741 567 2796 in
595 2739 725 2798 fabulam
745 2745 876 2793 nostram
900 2735 961 2792 ulio
987 2749 1074 2812 pacto
1098 2743 1199 2799 cadere

138 2835 230 2898 potest.
