2676 4756
633 807 712 878 DE

337 977 529 1077 ,FATI
585 977 1033 1079 NOTIONE²²)

62 1158 68 1167 ·
185 1155 243 1230 m
272 1138 605 1250 rnouamno
639 1151 840 1228 vmcro
872 1140 1147 1227 mansu

127 1518 222 1633 Fati
246 1559 352 1630 notio
377 1558 478 1654 ap‘ud
495 1556 660 1630 Graecos
680 1581 729 1628 ex
745 1555 939 1651 complexa
957 1553 1116 1625 deorum
1139 1547 1226 1619 hi-'

129 1678 249 1753 storia
272 1688 356 1749 orta
378 1689 447 1750 est
495 1674 594 1748 Nam
618 1701 737 1772 quum
759 1699 858 1747 unus
877 1675 970 1744 deus
986 1673 1104 1744 altero
1119 1695 1208 1740 ma-

85 1862 92 1869 .
127 1799 189 1892 jor
220 1819 264 1866 ac
293 1796 485 1890 potentior
518 1817 600 1866 csse
629 1793 856 1889 fingeretur,
893 1817 1010 1888 quum
1042 1789 1210 1886 principi

123 1903 328 1987 inferiores
359 1913 414 1983 dii
440 1911 659 2008 obstrepere
683 1921 928 2008 conarentur,
964 1934 1036 1981 nec
1059 1909 1207 2003 primus

127 2033 280 2129 quidem
306 2041 345 2102 et
367 2054 438 2103 rex
461 2033 619 2103 deornm
642 2032 819 2102 immunis
844 2043 941 2103 essct
955 2055 978 2101 a
997 2028 1210 2099 desectione

123 2152 353 2267 relicuormp
378 2150 602 2245 imperiique
628 2151 688 2221 sui
710 2150 885 2240 interitu,
912 2169 1028 2244 quum
1043 2143 1208 2238 deniqne

126 2269 174 2342 ad
207 2286 326 2339 unum
358 2290 488 2338 omnes
520 2271 562 2338 in
592 2267 652 2363 jus
678 2269 849 2342 divinum
875 2278 914 2338 ct
935 2276 1082 2337 rectum
1105 2286 1206 2357 pro-

75 2474 78 2479 ,
127 2389 290 2482 bnmque
321 2394 473 2478 peccata
504 2388 802 2478 committerent,
839 2385 925 2456 fieri
956 2406 1035 2455 non
1067 2383 1206 2478 potuit,

126 2506 218 2603 quin
243 2503 352 2574 altius
378 2504 554 2597 quiddam
579 2517 619 2578 et
637 2506 829 2601 potentius
846 2506 917 2575 diis
933 2504 1105 2576 omnibus
1122 2525 1206 2573 csse

124 2623 299 2695 homines
324 2621 592 2695 divinarentur.
651 2623 770 2696 insita
803 2625 905 2697 enim
931 2634 970 2695 et
992 2624 1121 2692 innata
1145 2630 1206 2690 est

125 2742 251 2813 animo
279 2739 446 2810 humano
478 2743 680 2835 sententia,
724 2763 796 2837 qun
833 2764 975 2814 numen
1016 2739 1203 2836 quoddam

123 2860 341 2931 hominibus
374 2859 485 2953 longe
520 2861 723 2954 perfectius
750 2874 788 2932 et
812 2863 974 2932 sanctius
997 2884 1058 2932 res
1084 2880 1203 2927 mnn-

91 3056 97 3067 ‚
126 2979 240 3048 denas
274 3000 360 3048 cum
393 2989 575 3073 potestate
601 2990 639 3049 et
664 2980 845 3074 sapientia
867 2980 1054 3050 moderari
1077 3001 1202 3070 augu-

53 3153 60 3160 .
124 3106 242 3167 ratur.
310 3086 383 3166 Cui
407 3097 615 3168 sententiae
639 3121 755 3193 quum
787 3099 1020 3168 Graecorum
1044 3098 1098 3166 dii
1122 3119 1203 3167 non

124 3213 398 3305 satisfacerent,
424 3215 564 3285 factum
589 3226 663 3308 est,
694 3228 738 3289 ut
760 3240 947 3288 summum
972 3216 1103 3286 mundi
1126 3242 1203 3310 gu-

96 3312 364 3402 'bernaculum
389 3333 547 3403 obscuro
573 3335 723 3429 quidem
746 3336 813 3406 sed
825 3334 1030 3431 potentiori
1053 3335 1201 3403 numini

74 3468 77 3474 ’
122 3449 363 3521 tribueretur.
413 3450 470 3521 Ita
493 3440 628 3522 Fatum
646 3452 783 3524 Graeci
808 3456 1083 3549 excogitarunt,
1111 3479 1199 3523 om-

123 3587 191 3636 nes
226 3576 264 3636 et
297 3567 386 3637 deos
420 3581 459 3642 et
487 3570 660 3641 homines
693 3595 844 3665 regens,
888 3572 989 3669 quod
1020 3572 1133 3644 variis
1161 3582 1199 3641 et

123 3683 280 3757 diversis
304 3687 555 3788 Εἱμαρμένης,
581 3691 845 3793 Πεπρωμένης,
869 3687 1042 3788 Μοιρῶν,
1065 3682 1197 3788 Ἐριν-

192 3930 239 3997 ”)
257 3927 299 3984 Cf.
318 3930 486 3989 Bloemneri
499 3932 614 3989 libellus
627 3935 777 4005 aureolus,
794 3934 1027 4004 observationum
1042 3941 1195 4006 praestan-

121 4013 198 4068 tium
220 4013 323 4087 plenus
348 4028 376 4073 ct
391 4018 541 4074 Suevernii
567 4021 601 4075 de
624 4040 680 4075 usu
698 4022 761 4076 Fati
787 4022 819 4075 in
835 4020 988 4092 tragoediis
1003 4019 1130 4091 antiquis
1148 4019 1194 4072 di-

37 4174 42 4180 Π
120 4100 248 4173 opulatio
265 4101 412 4175 ingeniosa
427 4103 504 4160 libro
522 4116 657 4162 contenta
676 4106 833 4181 Aeschylos
856 4107 953 4163 Sieben
968 4124 1058 4179 gegen
1078 4105 1194 4180 Theben,

120 4202 152 4258 e·
171 4187 297 4259 76-99·
793 4224 796 4228 -
