2676 4756
540 293 825 373 rear-‘-

232 482 314 557 lam
337 480 561 578 quaesiverit
576 478 692 557 honio
707 482 900 590 hodiernis
920 479 1056 559 fabulis
1071 507 1201 559 assue-

123 617 211 696 tus,
237 603 303 699 qui
325 599 411 671 fieri
433 603 616 696 potuerit,
642 614 685 676 ut
709 601 926 676 attentionis
952 612 991 674 et
1005 615 1201 698 exspecta-

123 719 245 794 tionis
278 718 662 853 spectatorumffri
678 720 745 797 ,ita
768 741 847 792 non
871 721 1200 814 prorsus³incide-
1229 748 1232 755 ·

124 849 275 911 rentur.
350 836 431 908 Nos
466 834 592 910 anim*-
607 836 649 908 in
689 839 827 911 nostris
862 836 998 910 fabulis
1037 837 1203 933 judicare
1335 870 1337 875 ·

112 942 310 1047 solemus,
336 977 410 1049 qno
436 955 664 1059 inopinatius
689 948 955 1053 exspectationi
977 957 1229 1048 praeveniu-¹
1319 983 1325 994 ‘

78 1068 86 1080 ⁵
123 1085 210 1167 tur,
237 1096 283 1144 eo
305 1073 424 1167 magis
449 1095 531 1144 esse
554 1083 689 1166 poetae
701 1050 828 1147 'artem
848 1046 1113 1170 ingeniumque
1129 1074 1201 1145 ad·
1284 1125 1288 1133 ι

124 1191 352 1264 miraudrun.¹
400 1188 498 1261 Tam
522 1211 614 1266 vero
639 1189 889 1264 abhorrebant
903 1190 1057 1284 Graeci,
1082 1184 1200 1287 quum
1301 1232 1302 1236 =

123 1310 275 1382 litterae
298 1307 398 1402 apud
423 1299 488 1379 eos
503 1306 696 1380 florerent
719 1310 901 1400 maxime,
939 1334 961 1379 a
986 1308 1200 1379 curiositate

122 1424 390 1529 hujuscemodi
413 1408 615 1518 hodierna,
651 1424 712 1497 ut·
727 1449 789 1496 res
814 1439 934 1522 gestas
957 1426 1019 1502 vel
1038 1425 1198 1496 notissi-

123 1568 225 1636 mas,
251 1544 285 1614 si
308 1540 422 1613 modo
447 1565 558 1616 verae
580 1544 706 1637 poesis
731 1555 811 1616 arte
835 1544 1039 1617 illustratae
1063 1553 1199 1634 essent,

124 1685 273 1735 simmia
297 1683 383 1733 cum
406 1658 612 1755 voluptate·
628 1661 670 1730 in
684 1659 827 1732 -fabu'lis
853 1664 1068 1754 spectarent
1086 1659 1198 1730 audi-

123 1789 321 1876 rentque.'
353 1766 473 1872 'eujus
505 1778 563 1848 rei
591 1778 701 1849 causa
724 1789 824 1870 erat,
866 1780 1041 1874 quoniam
1065 1789 1223 1860 tener·-¹

122 1899 224 1972 rimo
258 1918 381 1990 eoque
412 1895 562 1967 sublimi
594 1920 705 1968 sensu
737 1896 886 1991 poetico
918 1897 1052 1968 imbuti
1080 1905 1200 1986 erant,
1235 1940 1251 1981 ,

102 2015 377 2111 ‘quoniamque
400 2013 535 2084 fabulis
560 2037 640 2086 non
664 2025 708 2087 ut
731 2037 830 2089 nova
852 2015 1107 2109 perciperent,
1133 2011 1200 2088 sed

127 2144 176 2205 ut
199 2134 339 2204 animus
366 2139 405 2203 'et
429 2154 560 2202 sensus
583 2129 648 2201 ille
670 2143 931 2201 recrearentur
953 2142 991 2200 et
1007 2131 1053 2199 ad
1069 2130 1201 2200 altiora
1235 2117 1239 2126 ”

124 2249 392 2341 incitarentur,
425 2250 607 2320 interesse
632 2249 812 2320 solebant.
862 2247 965 2340 Quid
989 2247 1199 2318 hodierno-

124 2391 213 2444 rum
236 2367 337 2438 bo'na
351 2390 439 2461 pars
458 2367 655 2439 hominum
673 2367 834 2438 sentiant
852 2368 1057 2437 accuratius
1076 2387 1199 2459 expo-

124 2509 218 2558 nere
241 2485 396 2579 longum
421 2498 478 2559 est
508 2485 694 2579 taediique
724 2482 888 2577 plenum.
947 2482 1200 2554 Transeamus

127 2605 174 2676 ad
200 2602 360 2697 aliquam
384 2601 530 2674 fabulae
561 2625 781 2705 personam,
822 2624 933 2696 quam
966 2622 1033 2670 cur
1066 2601 1200 2694 cuique
1245 2686 1253 2711 Ι

126 2724 227 2796 bono
257 2732 370 2816 poeta
401 2721 625 2816 adduxerit,
659 2744 773 2816 quum
805 2719 847 2787 in
869 2717 941 2787 hac
967 2726 1200 2789 commenta·
1258 2706 1264 2721 '

115 2823 240 2915 ¹tionis
264 2849 373 2935 parte
397 2839 653 2912 demonstrare
684 2836 854 2908 nondum
885 2833 1107 2906 nec·lnbeat
1129 2855 1202 2904 nec

128 2956 255 3051 liceat,
290 2967 392 3028 certe
416 2957 603 3052 quomodo
629 2978 675 3026 se·
694 2965 799 3049 gerat
823 2965 861 3025 et
885 2952 1001 3048 qualis
1027 2953 1077 3024 sit
1100 2973 1202 3022 nunc

128 3075 421 3170 investigabitur.
471 3073 568 3146 Nam
584 3073 756 3146 Oceanus
781 3070 901 3163 affinis
926 3068 1109 3174 amicique
1133 3091 1201 3139 ca-

127 3194 291 3266 lamitate
330 3192 496 3286 percitus
535 3192 707 3282 advenit,
762 3189 1030 3262 Prometheum
1068 3187 1201 3258 solatio

128 3324 239 3408 atque
264 3302 414 3381 auxilio'
432 3323 611 3383 erectum.
671 3308 750 3399 Qui
781 3308 1002 3401 simulatque
1034 3315 1199 3398 apparet,

127 3423 221 3502 noni
242 3439 390 3523 potest,
431 3431 522 3522 quin
554 3427 797 3499 describendo
831 3437 869 3496 et
900 3426 974 3496 iter
996 3434 1049 3494 >et
1081 3445 1201 3512 avem,
1310 3411 1333 3462 '-

128 3570 203 3644 qna
226 3545 404 3636 vehatur,
423 3612 427 3623 ,
445 3558 483 3618 et
506 3525 710 3638 rationem,
748 3568 819 3640 qua
844 3536 880 3612 ei
897 3542 1110 3636 inequitare
1135 3564 1201 3610 so-

126 3667 224 3755 leat,
266 3673 516 3758 spectatorum
548 3660 666 3736 risum
690 3663 806 3756 magis
830 3685 940 3756 quam
965 3661 1139 3730 timorem
1165 3666 1204 3726 et

126 3781 422 3856 misericordiam
462 3790 689 3857 commoveat
726 3776 797 3876 (V.
824 3769 1095 3869 uqa-295.).·
1128 3772 1202 3876 His

129 3901 313 3973 enarratis
346 3900 394 3970 ad
418 3900 684 3981 Prometheum
710 3923 750 3972 se
776 3897 963 3973 convertit
989 3896 1041 3967 ita
1066 3910 1202 3962 canens
1237 3902 1253 3971 ’.

128 4003 479 4114 (V.296-·-505.):
516 4014 525 4031 '
1145 4028 1148 4038 '

135 4150 143 4167 ‘
255 4192 257 4196 -
972 4143 997 4212 3

864 4268 950 4505 's
1150 4332 1316 4472 r·

1106 4660 1155 4716 Ι.
