<?xml version="1.0" encoding="UTF-8"?>
<!DOCTYPE html PUBLIC "-//W3C//DTD XHTML 1.0 Transitional//EN"
    "http://www.w3.org/TR/xhtml1/DTD/xhtml1-transitional.dtd">
<html xmlns="http://www.w3.org/1999/xhtml" xml:lang="en" lang="en">
 <head>
  <title>
</title>
<meta http-equiv="Content-Type" content="text/html;charset=utf-8" />
  <meta name='ocr-system' content='tesseract 3.04.00' />
  <meta name='ocr-capabilities' content='ocr_page ocr_carea ocr_par ocr_line ocrx_word'/>
</head>
<body>
  <div class='ocr_page' id='page_1' title='image "./commentatiodeae00toepgoog_0082.png"; bbox 0 0 2676 4756; ppageno 0'>
   <div class='ocr_carea' id='block_1_1' title="bbox 554 84 830 181">
    <p class='ocr_par' dir='ltr' id='par_1_1' title="bbox 554 84 830 181">
     <span class='ocr_line' id='line_1_1' title="bbox 554 84 830 181; baseline 0 -22"><span class='ocrx_word' id='word_1_1' title='bbox 554 84 830 181; x_wconf 50' lang='grc' dir='ltr'>επ·-</span> 
     </span>
    </p>
   </div>
   <div class='ocr_carea' id='block_1_2' title="bbox 136 205 1295 337">
    <p class='ocr_par' dir='ltr' id='par_1_2' title="bbox 136 205 1295 337">
     <span class='ocr_line' id='line_1_2' title="bbox 136 205 1295 337; baseline 0.003 -16"><span class='ocrx_word' id='word_1_2' title='bbox 136 269 200 322; x_wconf 69' lang='lat' dir='ltr'>ut</span> <span class='ocrx_word' id='word_1_3' title='bbox 221 271 325 320; x_wconf 85' lang='lat' dir='ltr'>autem</span> <span class='ocrx_word' id='word_1_4' title='bbox 339 205 437 331; x_wconf 77' lang='lat' dir='ltr'>addil,</span> <span class='ocrx_word' id='word_1_5' title='bbox 456 269 490 316; x_wconf 88' lang='lat' dir='ltr'>nt</span> <span class='ocrx_word' id='word_1_6' title='bbox 504 277 560 317; x_wconf 88' lang='lat' dir='ltr'>suo</span> <span class='ocrx_word' id='word_1_7' title='bbox 576 260 710 336; x_wconf 83' lang='lat' dir='ltr'>exemplo</span> <span class='ocrx_word' id='word_1_8' title='bbox 725 255 1148 337; x_wconf 66' lang='lat' dir='ltr'>deterrenti&#39;adjnngathatris,</span> <span class='ocrx_word' id='word_1_9' title='bbox 1164 282 1241 323; x_wconf 84' lang='lat' dir='ltr'>con-</span> <span class='ocrx_word' id='word_1_10' title='bbox 1291 224 1295 233; x_wconf 31' lang='grc' dir='ltr'><strong><em>Ι</em></strong></span> 
     </span>
    </p>
   </div>
   <div class='ocr_carea' id='block_1_3' title="bbox 131 345 1239 512">
    <p class='ocr_par' dir='ltr' id='par_1_3' title="bbox 131 345 1239 512">
     <span class='ocr_line' id='line_1_3' title="bbox 133 345 1239 426; baseline -0.007 -19"><span class='ocrx_word' id='word_1_11' title='bbox 133 349 254 407; x_wconf 74' lang='lat' dir='ltr'>simile</span> <span class='ocrx_word' id='word_1_12' title='bbox 279 357 403 424; x_wconf 86' lang='lat' dir='ltr'>propter</span> <span class='ocrx_word' id='word_1_13' title='bbox 422 356 575 423; x_wconf 82' lang='lat' dir='ltr'>peecatum</span> <span class='ocrx_word' id='word_1_14' title='bbox 597 349 711 422; x_wconf 66' lang='lat' dir='ltr'>punitis</span> <span class='ocrx_word' id='word_1_15' title='bbox 732 347 820 404; x_wconf 87' lang='lat' dir='ltr'>tertio</span> <span class='ocrx_word' id='word_1_16' title='bbox 842 345 916 422; x_wconf 92' lang='lat' dir='ltr'>poni</span> <span class='ocrx_word' id='word_1_17' title='bbox 932 356 1045 422; x_wconf 81' lang='lat' dir='ltr'>posset,</span> <span class='ocrx_word' id='word_1_18' title='bbox 1072 349 1239 426; x_wconf 47' lang='lat' dir='ltr'>mayoffm</span> 
     </span>
     <span class='ocr_line' id='line_1_4' title="bbox 131 430 1239 512; baseline -0.007 -19"><span class='ocrx_word' id='word_1_19' title='bbox 131 436 308 512; x_wconf 83' lang='lat' dir='ltr'>loquentia</span> <span class='ocrx_word' id='word_1_20' title='bbox 323 430 486 507; x_wconf 73' lang='lat' dir='ltr'>significare</span> <span class='ocrx_word' id='word_1_21' title='bbox 501 434 640 505; x_wconf 87' lang='lat' dir='ltr'>fratrem,</span> <span class='ocrx_word' id='word_1_22' title='bbox 657 442 686 489; x_wconf 90' lang='lat' dir='ltr'>et</span> <span class='ocrx_word' id='word_1_23' title='bbox 701 452 793 507; x_wconf 60' lang='lat' dir='ltr'>mum</span> <span class='ocrx_word' id='word_1_24' title='bbox 804 433 887 489; x_wconf 82' lang='lat' dir='ltr'>Atlas</span> <span class='ocrx_word' id='word_1_25' title='bbox 898 431 1063 490; x_wconf 82' lang='lat' dir='ltr'>Promethei</span> <span class='ocrx_word' id='word_1_26' title='bbox 1080 448 1150 491; x_wconf 87' lang='lat' dir='ltr'>esset</span> <span class='ocrx_word' id='word_1_27' title='bbox 1168 456 1239 510; x_wconf 77' lang='lat' dir='ltr'>ger.</span> 
     </span>
    </p>
   </div>
   <div class='ocr_carea' id='block_1_4' title="bbox 131 518 1328 596">
    <p class='ocr_par' dir='ltr' id='par_1_4' title="bbox 131 518 1328 596">
     <span class='ocr_line' id='line_1_5' title="bbox 131 518 1328 596; baseline -0.003 -16"><span class='ocrx_word' id='word_1_28' title='bbox 131 540 282 594; x_wconf 85' lang='lat' dir='ltr'>manus,</span> <span class='ocrx_word' id='word_1_29' title='bbox 305 519 388 596; x_wconf 88' lang='lat' dir='ltr'>loqui</span> <span class='ocrx_word' id='word_1_30' title='bbox 403 518 625 591; x_wconf 77' lang='lat' dir='ltr'>Prometheum,</span> <span class='ocrx_word' id='word_1_31' title='bbox 647 537 709 577; x_wconf 92' lang='lat' dir='ltr'>non</span> <span class='ocrx_word' id='word_1_32' title='bbox 727 520 891 588; x_wconf 81' lang='lat' dir='ltr'>Oceanum,</span> <span class='ocrx_word' id='word_1_33' title='bbox 917 520 965 574; x_wconf 89' lang='lat' dir='ltr'>cui</span> <span class='ocrx_word' id='word_1_34' title='bbox 982 542 1030 577; x_wconf 80' lang='lat' dir='ltr'>ooo</span> <span class='ocrx_word' id='word_1_35' title='bbox 1044 521 1237 593; x_wconf 78' lang='lat' dir='ltr'>adjiciendum</span> <span class='ocrx_word' id='word_1_36' title='bbox 1324 539 1328 544; x_wconf 84' lang='grc'><strong>’</strong></span> 
     </span>
    </p>
   </div>
   <div class='ocr_carea' id='block_1_5' title="bbox 119 591 1313 3616">
    <p class='ocr_par' dir='ltr' id='par_1_5' title="bbox 119 591 1313 3616">
     <span class='ocr_line' id='line_1_6' title="bbox 127 591 1237 680; baseline -0.004 -15"><span class='ocrx_word' id='word_1_37' title='bbox 127 610 266 667; x_wconf 69' lang='lat' dir='ltr'>fuisset·</span> <span class='ocrx_word' id='word_1_38' title='bbox 305 608 456 680; x_wconf 87' lang='lat' dir='ltr'>Quantum</span> <span class='ocrx_word' id='word_1_39' title='bbox 481 603 604 679; x_wconf 84' lang='lat' dir='ltr'>denique</span> <span class='ocrx_word' id='word_1_40' title='bbox 621 604 677 660; x_wconf 92' lang='lat' dir='ltr'>hoc</span> <span class='ocrx_word' id='word_1_41' title='bbox 694 615 769 673; x_wconf 89' lang='lat' dir='ltr'>esto,</span> <span class='ocrx_word' id='word_1_42' title='bbox 796 591 876 679; x_wconf 81' lang='lat' dir='ltr'>quod</span> <span class='ocrx_word' id='word_1_43' title='bbox 893 614 954 660; x_wconf 90' lang='lat' dir='ltr'>tota</span> <span class='ocrx_word' id='word_1_44' title='bbox 971 607 1065 671; x_wconf 82' lang='lat' dir='ltr'>oratio</span> <span class='ocrx_word' id='word_1_45' title='bbox 1083 609 1119 663; x_wconf 88' lang='lat' dir='ltr'>ad</span> <span class='ocrx_word' id='word_1_46' title='bbox 1138 609 1237 665; x_wconf 85' lang='lat' dir='ltr'>deter-</span> 
     </span>
     <span class='ocr_line' id='line_1_7' title="bbox 119 691 1237 764; baseline 0 -13"><span class='ocrx_word' id='word_1_47' title='bbox 119 695 284 751; x_wconf 79' lang='lat' dir='ltr'>·rendum</span> <span class='ocrx_word' id='word_1_48' title='bbox 302 693 339 750; x_wconf 84' lang='lat' dir='ltr'>ab</span> <span class='ocrx_word' id='word_1_49' title='bbox 357 692 560 747; x_wconf 70' lang='lat' dir='ltr'>intercessione</span> <span class='ocrx_word' id='word_1_50' title='bbox 576 692 724 748; x_wconf 80' lang='lat' dir='ltr'>Oceanum</span> <span class='ocrx_word' id='word_1_51' title='bbox 742 691 856 759; x_wconf 86' lang='lat' dir='ltr'>habita,</span> <span class='ocrx_word' id='word_1_52' title='bbox 877 701 943 764; x_wconf 88' lang='lat' dir='ltr'>apta</span> <span class='ocrx_word' id='word_1_53' title='bbox 960 691 1050 764; x_wconf 71' lang='lat' dir='ltr'>igitur</span> <span class='ocrx_word' id='word_1_54' title='bbox 1065 692 1182 750; x_wconf 90' lang='lat' dir='ltr'>Promet</span> <span class='ocrx_word' id='word_1_55' title='bbox 1201 712 1237 751; x_wconf 88' lang='lat' dir='ltr'>eo</span> 
     </span>
     <span class='ocr_line' id='line_1_8' title="bbox 127 774 1235 851; baseline 0 -14"><span class='ocrx_word' id='word_1_56' title='bbox 127 783 175 837; x_wconf 84' lang='lat' dir='ltr'>im</span> <span class='ocrx_word' id='word_1_57' title='bbox 198 781 288 836; x_wconf 88' lang='lat' dir='ltr'>illius</span> <span class='ocrx_word' id='word_1_58' title='bbox 304 787 400 834; x_wconf 86' lang='lat' dir='ltr'>autem</span> <span class='ocrx_word' id='word_1_59' title='bbox 418 797 469 833; x_wconf 88' lang='lat' dir='ltr'>ore</span> <span class='ocrx_word' id='word_1_60' title='bbox 486 774 584 851; x_wconf 83' lang='lat' dir='ltr'>inept&#39;a</span> <span class='ocrx_word' id='word_1_61' title='bbox 602 794 660 832; x_wconf 89' lang='lat' dir='ltr'>esse</span> <span class='ocrx_word' id='word_1_62' title='bbox 677 777 802 832; x_wconf 80' lang='lat' dir='ltr'>videtur.</span> <span class='ocrx_word' id='word_1_63' title='bbox 843 778 940 850; x_wconf 80' lang='lat' dir='ltr'>Atque</span> <span class='ocrx_word' id='word_1_64' title='bbox 957 779 1052 832; x_wconf 92' lang='lat' dir='ltr'>nescio</span> <span class='ocrx_word' id='word_1_65' title='bbox 1070 790 1172 838; x_wconf 91' lang='lat' dir='ltr'>utrum</span> <span class='ocrx_word' id='word_1_66' title='bbox 1191 781 1235 837; x_wconf 85' lang='lat' dir='ltr'>his</span> 
     </span>
     <span class='ocr_line' id='line_1_9' title="bbox 128 861 1234 934; baseline 0.002 -12"><span class='ocrx_word' id='word_1_67' title='bbox 128 884 184 922; x_wconf 77' lang='lat' dir='ltr'>an</span> <span class='ocrx_word' id='word_1_68' title='bbox 206 864 280 920; x_wconf 78' lang='lat' dir='ltr'>aliis</span> <span class='ocrx_word' id='word_1_69' title='bbox 299 865 477 932; x_wconf 76' lang='lat' dir='ltr'>argumentis</span> <span class='ocrx_word' id='word_1_70' title='bbox 496 863 633 921; x_wconf 89' lang='lat' dir='ltr'>commoti</span> <span class='ocrx_word' id='word_1_71' title='bbox 652 861 787 918; x_wconf 88' lang='lat' dir='ltr'>abierunt</span> <span class='ocrx_word' id='word_1_72' title='bbox 804 862 836 917; x_wconf 90' lang='lat' dir='ltr'>in</span> <span class='ocrx_word' id='word_1_73' title='bbox 845 863 972 934; x_wconf 81' lang='lat' dir='ltr'>Elmsleji</span> <span class='ocrx_word' id='word_1_74' title='bbox 983 867 1153 922; x_wconf 89' lang='lat' dir='ltr'>sententiam</span> <span class='ocrx_word' id='word_1_75' title='bbox 1165 885 1234 924; x_wconf 84' lang='lat' dir='ltr'>ma-</span> 
     </span>
     <span class='ocr_line' id='line_1_10' title="bbox 129 947 1236 1027; baseline 0.001 -20"><span class='ocrx_word' id='word_1_76' title='bbox 129 951 245 1007; x_wconf 82' lang='lat' dir='ltr'>nibus</span> <span class='ocrx_word' id='word_1_77' title='bbox 270 948 451 1025; x_wconf 75' lang='lat' dir='ltr'>pedibusque</span> <span class='ocrx_word' id='word_1_78' title='bbox 474 947 677 1018; x_wconf 87' lang='lat' dir='ltr'>Blomfieldns,</span> <span class='ocrx_word' id='word_1_79' title='bbox 706 949 906 1019; x_wconf 82' lang='lat' dir='ltr'>Lachmannus</span> <span class='ocrx_word' id='word_1_80' title='bbox 936 951 971 1006; x_wconf 89' lang='lat' dir='ltr'>de</span> <span class='ocrx_word' id='word_1_81' title='bbox 998 970 1134 1009; x_wconf 77' lang='lat' dir='ltr'>mensure</span> <span class='ocrx_word' id='word_1_82' title='bbox 1160 963 1236 1027; x_wconf 57' lang='lat' dir='ltr'>trag-⁴</span> 
     </span>
     <span class='ocr_line' id='line_1_11' title="bbox 134 1035 1237 1112; baseline 0 -18"><span class='ocrx_word' id='word_1_83' title='bbox 134 1056 173 1112; x_wconf 91' lang='lat' dir='ltr'>p.</span> <span class='ocrx_word' id='word_1_84' title='bbox 187 1059 243 1096; x_wconf 82' lang='lat'>20.</span> <span class='ocrx_word' id='word_1_85' title='bbox 261 1045 292 1092; x_wconf 89' lang='lat' dir='ltr'>et</span> <span class='ocrx_word' id='word_1_86' title='bbox 306 1035 489 1106; x_wconf 70' lang='lat' dir='ltr'>vallaverat,</span> <span class='ocrx_word' id='word_1_87' title='bbox 507 1036 559 1110; x_wconf 84' lang='lat' dir='ltr'>qui</span> <span class='ocrx_word' id='word_1_88' title='bbox 576 1035 609 1090; x_wconf 91' lang='lat' dir='ltr'>in</span> <span class='ocrx_word' id='word_1_89' title='bbox 625 1037 798 1110; x_wconf 72' lang='lat' dir='ltr'>appendice,</span> <span class='ocrx_word' id='word_1_90' title='bbox 816 1045 897 1090; x_wconf 88' lang='lat' dir='ltr'>tomo</span> <span class='ocrx_word' id='word_1_91' title='bbox 915 1036 1047 1093; x_wconf 73' lang='lat' dir='ltr'>editionis</span> <span class='ocrx_word' id='word_1_92' title='bbox 1063 1038 1237 1112; x_wconf 83' lang='lat' dir='ltr'>Aeschyleae</span> 
     </span>
     <span class='ocr_line' id='line_1_12' title="bbox 136 1121 1235 1199; baseline 0.003 -19"><span class='ocrx_word' id='word_1_93' title='bbox 136 1125 249 1180; x_wconf 84' lang='lat' dir='ltr'>altero</span> <span class='ocrx_word' id='word_1_94' title='bbox 278 1140 390 1179; x_wconf 88' lang='lat' dir='ltr'>annexa</span> <span class='ocrx_word' id='word_1_95' title='bbox 412 1143 443 1197; x_wconf 86' lang='lat' dir='ltr'>p.</span> <span class='ocrx_word' id='word_1_96' title='bbox 457 1125 521 1179; x_wconf 78' lang='lat'><strong>424.</strong></span> <span class='ocrx_word' id='word_1_97' title='bbox 544 1131 630 1176; x_wconf 84' lang='lat' dir='ltr'>tenax</span> <span class='ocrx_word' id='word_1_98' title='bbox 654 1130 696 1176; x_wconf 89' lang='lat' dir='ltr'>est</span> <span class='ocrx_word' id='word_1_99' title='bbox 717 1121 829 1176; x_wconf 86' lang='lat' dir='ltr'>inventi</span> <span class='ocrx_word' id='word_1_100' title='bbox 851 1122 1030 1194; x_wconf 86' lang='lat' dir='ltr'>Elmslejani,</span> <span class='ocrx_word' id='word_1_101' title='bbox 1055 1132 1235 1199; x_wconf 76' lang='lat' dir='ltr'>quamquam</span> 
     </span>
     <span class='ocr_line' id='line_1_13' title="bbox 143 1198 1234 1284; baseline 0.002 -15"><span class='ocrx_word' id='word_1_102' title='bbox 143 1198 437 1269; x_wconf 88' lang='lat' dir='ltr'>commonstratione</span> <span class='ocrx_word' id='word_1_103' title='bbox 458 1216 486 1262; x_wconf 91' lang='lat' dir='ltr'>et</span> <span class='ocrx_word' id='word_1_104' title='bbox 504 1208 725 1265; x_wconf 87' lang='lat' dir='ltr'>&#39;ratiocinatione</span> <span class='ocrx_word' id='word_1_105' title='bbox 748 1227 870 1283; x_wconf 90' lang='lat' dir='ltr'>prorsus</span> <span class='ocrx_word' id='word_1_106' title='bbox 893 1210 1077 1284; x_wconf 84' lang='lat' dir='ltr'>supersedere</span> <span class='ocrx_word' id='word_1_107' title='bbox 1093 1211 1120 1265; x_wconf 90' lang='lat' dir='ltr'>ei</span> <span class='ocrx_word' id='word_1_108' title='bbox 1138 1231 1155 1266; x_wconf 81' lang='lat' dir='ltr'>v</span> <span class='ocrx_word' id='word_1_109' title='bbox 1166 1230 1234 1271; x_wconf 85' lang='lat' dir='ltr'>sum</span> 
     </span>
     <span class='ocr_line' id='line_1_14' title="bbox 147 1284 1233 1370; baseline 0.003 -17"><span class='ocrx_word' id='word_1_110' title='bbox 147 1308 206 1354; x_wconf 86' lang='lat' dir='ltr'>est.</span> <span class='ocrx_word' id='word_1_111' title='bbox 244 1296 313 1352; x_wconf 81' lang='lat' dir='ltr'>lam</span> <span class='ocrx_word' id='word_1_112' title='bbox 340 1284 432 1370; x_wconf 84' lang='lat' dir='ltr'>quum</span> <span class='ocrx_word' id='word_1_113' title='bbox 450 1312 549 1349; x_wconf 90' lang='lat' dir='ltr'>omnes</span> <span class='ocrx_word' id='word_1_114' title='bbox 566 1293 634 1349; x_wconf 85' lang='lat' dir='ltr'>libri</span> <span class='ocrx_word' id='word_1_115' title='bbox 651 1294 683 1349; x_wconf 89' lang='lat' dir='ltr'>in</span> <span class='ocrx_word' id='word_1_116' title='bbox 708 1311 741 1348; x_wconf 91' lang='lat' dir='ltr'>eo</span> <span class='ocrx_word' id='word_1_117' title='bbox 758 1294 953 1368; x_wconf 87' lang='lat' dir='ltr'>consentiant,</span> <span class='ocrx_word' id='word_1_118' title='bbox 977 1305 1011 1352; x_wconf 93' lang='lat' dir='ltr'>ut</span> <span class='ocrx_word' id='word_1_119' title='bbox 1026 1297 1142 1354; x_wconf 80' lang='lat' dir='ltr'>Oceano</span> <span class='ocrx_word' id='word_1_120' title='bbox 1160 1317 1233 1356; x_wconf 85' lang='lat' dir='ltr'>ora-</span> 
     </span>
     <span class='ocr_line' id='line_1_15' title="bbox 149 1373 1234 1456; baseline -0.001 -15"><span class='ocrx_word' id='word_1_121' title='bbox 149 1373 268 1441; x_wconf 81' lang='lat' dir='ltr'>tionein</span> <span class='ocrx_word' id='word_1_122' title='bbox 285 1382 366 1439; x_wconf 91' lang='lat' dir='ltr'>illam</span> <span class='ocrx_word' id='word_1_123' title='bbox 383 1381 529 1449; x_wconf 88' lang='lat' dir='ltr'>tribuant,</span> <span class='ocrx_word' id='word_1_124' title='bbox 546 1399 607 1435; x_wconf 92' lang='lat' dir='ltr'>non</span> <span class='ocrx_word' id='word_1_125' title='bbox 624 1379 654 1435; x_wconf 91' lang='lat' dir='ltr'>id</span> <span class='ocrx_word' id='word_1_126' title='bbox 671 1379 827 1437; x_wconf 86' lang='lat' dir='ltr'>videndum</span> <span class='ocrx_word' id='word_1_127' title='bbox 846 1383 1047 1456; x_wconf 88' lang='lat' dir='ltr'>est,·possitne</span> <span class='ocrx_word' id='word_1_128' title='bbox 1058 1385 1143 1442; x_wconf 87' lang='lat' dir='ltr'>etiarn</span> <span class='ocrx_word' id='word_1_129' title='bbox 1154 1386 1234 1441; x_wconf 77' lang='lat' dir='ltr'>Pro·</span> 
     </span>
     <span class='ocr_line' id='line_1_16' title="bbox 153 1465 1311 1541; baseline 0.002 -14"><span class='ocrx_word' id='word_1_130' title='bbox 153 1469 265 1528; x_wconf 80' lang='lat' dir='ltr'>mathei</span> <span class='ocrx_word' id='word_1_131' title='bbox 293 1487 369 1537; x_wconf 88' lang='lat' dir='ltr'>esse,</span> <span class='ocrx_word' id='word_1_132' title='bbox 398 1472 447 1525; x_wconf 91' lang='lat' dir='ltr'>sed</span> <span class='ocrx_word' id='word_1_133' title='bbox 472 1465 687 1541; x_wconf 83' lang='lat' dir='ltr'>quaerendum,</span> <span class='ocrx_word' id='word_1_134' title='bbox 718 1484 791 1521; x_wconf 89' lang='lat' dir='ltr'>num</span> <span class='ocrx_word' id='word_1_135' title='bbox 814 1465 921 1522; x_wconf 86' lang='lat' dir='ltr'>Oceani</span> <span class='ocrx_word' id='word_1_136' title='bbox 954 1487 1012 1524; x_wconf 89' lang='lat' dir='ltr'>esse</span> <span class='ocrx_word' id='word_1_137' title='bbox 1038 1489 1097 1526; x_wconf 92' lang='lat' dir='ltr'>non</span> <span class='ocrx_word' id='word_1_138' title='bbox 1121 1471 1233 1529; x_wconf 75' lang='lat' dir='ltr'>debeat.</span> <span class='ocrx_word' id='word_1_139' title='bbox 1304 1528 1311 1541; x_wconf 31' lang='lat' dir='ltr'>x</span> 
     </span>
     <span class='ocr_line' id='line_1_17' title="bbox 154 1544 1233 1627; baseline 0.002 -15"><span class='ocrx_word' id='word_1_140' title='bbox 154 1556 303 1613; x_wconf 85' lang='lat' dir='ltr'>Narratur</span> <span class='ocrx_word' id='word_1_141' title='bbox 320 1565 416 1611; x_wconf 89' lang='lat' dir='ltr'>autem</span> <span class='ocrx_word' id='word_1_142' title='bbox 429 1555 557 1611; x_wconf 80' lang='lat' dir='ltr'>Atlantia</span> <span class='ocrx_word' id='word_1_143' title='bbox 576 1564 603 1609; x_wconf 92' lang='lat' dir='ltr'>et</span> <span class='ocrx_word' id='word_1_144' title='bbox 612 1544 744 1626; x_wconf 66' lang='lat' dir='ltr'>Typhoei</span> <span class='ocrx_word' id='word_1_145' title='bbox 762 1553 939 1627; x_wconf 86' lang='lat' dir='ltr'>exemplum,</span> <span class='ocrx_word' id='word_1_146' title='bbox 956 1555 1038 1626; x_wconf 88' lang='lat' dir='ltr'>cujus</span> <span class='ocrx_word' id='word_1_147' title='bbox 1054 1558 1233 1614; x_wconf 82' lang='lat' dir='ltr'>narrationis</span> 
     </span>
     <span class='ocr_line' id='line_1_18' title="bbox 156 1637 1234 1713; baseline 0 -14"><span class='ocrx_word' id='word_1_148' title='bbox 156 1643 276 1698; x_wconf 90' lang='lat' dir='ltr'>initium</span> <span class='ocrx_word' id='word_1_149' title='bbox 295 1651 338 1695; x_wconf 89' lang='lat' dir='ltr'>est</span> <span class='ocrx_word' id='word_1_150' title='bbox 353 1639 387 1697; x_wconf 78' lang='lat' dir='ltr'>od</span> <span class='ocrx_word' id='word_1_151' title='bbox 404 1638 471 1712; x_wconf 79' lang='grc' dir='ltr'><em>δῆτ’,</em></span> <span class='ocrx_word' id='word_1_152' title='bbox 487 1640 550 1697; x_wconf 77' lang='lat' dir='ltr'>inst</span> <span class='ocrx_word' id='word_1_153' title='bbox 564 1662 600 1711; x_wconf 76' lang='grc' dir='ltr'>μα</span> <span class='ocrx_word' id='word_1_154' title='bbox 617 1648 664 1697; x_wconf 81' lang='lat' dir='ltr'>sat</span> <span class='ocrx_word' id='word_1_155' title='bbox 678 1661 704 1697; x_wconf 85' lang='lat' dir='ltr'>ss.</span> <span class='ocrx_word' id='word_1_156' title='bbox 720 1661 747 1697; x_wconf 80' lang='lat' dir='ltr'>c·</span> <span class='ocrx_word' id='word_1_157' title='bbox 766 1639 793 1696; x_wconf 82' lang='lat' dir='ltr'>l.</span> <span class='ocrx_word' id='word_1_158' title='bbox 838 1640 935 1713; x_wconf 81' lang='lat' dir='ltr'>Atque</span> <span class='ocrx_word' id='word_1_159' title='bbox 958 1637 1029 1696; x_wconf 88' lang='lat' dir='ltr'>haec</span> <span class='ocrx_word' id='word_1_160' title='bbox 1052 1639 1123 1696; x_wconf 90' lang='lat' dir='ltr'>dicit</span> <span class='ocrx_word' id='word_1_161' title='bbox 1139 1642 1234 1699; x_wconf 64' lang='lat' dir='ltr'>Ocea-,-</span> 
     </span>
     <span class='ocr_line' id='line_1_19' title="bbox 156 1724 1232 1800; baseline 0.001 -15"><span class='ocrx_word' id='word_1_162' title='bbox 156 1747 227 1797; x_wconf 87' lang='lat' dir='ltr'>nus,</span> <span class='ocrx_word' id='word_1_163' title='bbox 244 1737 280 1783; x_wconf 90' lang='lat' dir='ltr'>ut</span> <span class='ocrx_word' id='word_1_164' title='bbox 295 1746 325 1784; x_wconf 87' lang='lat' dir='ltr'>se</span> <span class='ocrx_word' id='word_1_165' title='bbox 340 1725 502 1782; x_wconf 83' lang='lat' dir='ltr'>Promethei</span> <span class='ocrx_word' id='word_1_166' title='bbox 520 1726 691 1781; x_wconf 88' lang='lat' dir='ltr'>sententiam</span> <span class='ocrx_word' id='word_1_167' title='bbox 708 1724 872 1800; x_wconf 89' lang='lat' dir='ltr'>approbare</span> <span class='ocrx_word' id='word_1_168' title='bbox 888 1726 1037 1798; x_wconf 71' lang='lat' dir='ltr'>significet.</span> <span class='ocrx_word' id='word_1_169' title='bbox 1068 1729 1232 1800; x_wconf 85' lang='lat' dir='ltr'>„Proiecto,</span> 
     </span>
     <span class='ocr_line' id='line_1_20' title="bbox 155 1811 1232 1890; baseline 0.003 -19"><span class='ocrx_word' id='word_1_170' title='bbox 155 1815 268 1890; x_wconf 89' lang='lat' dir='ltr'>inquit,</span> <span class='ocrx_word' id='word_1_171' title='bbox 296 1832 333 1869; x_wconf 92' lang='lat' dir='ltr'>ne</span> <span class='ocrx_word' id='word_1_172' title='bbox 355 1814 397 1868; x_wconf 91' lang='lat' dir='ltr'>ita</span> <span class='ocrx_word' id='word_1_173' title='bbox 420 1811 470 1867; x_wconf 86' lang='lat' dir='ltr'>fiat</span> <span class='ocrx_word' id='word_1_174' title='bbox 492 1813 513 1867; x_wconf 88' lang='lat' dir='ltr'>i.</span> <span class='ocrx_word' id='word_1_175' title='bbox 531 1831 555 1869; x_wconf 86' lang='lat' dir='ltr'>e.</span> <span class='ocrx_word' id='word_1_176' title='bbox 578 1829 615 1866; x_wconf 90' lang='lat' dir='ltr'>ne</span> <span class='ocrx_word' id='word_1_177' title='bbox 638 1830 684 1866; x_wconf 91' lang='lat' dir='ltr'>me</span> <span class='ocrx_word' id='word_1_178' title='bbox 709 1811 742 1866; x_wconf 90' lang='lat' dir='ltr'>in</span> <span class='ocrx_word' id='word_1_179' title='bbox 764 1820 844 1867; x_wconf 88' lang='lat' dir='ltr'>tuam</span> <span class='ocrx_word' id='word_1_180' title='bbox 867 1811 1057 1871; x_wconf 81' lang='lat' dir='ltr'>calamitatem</span> <span class='ocrx_word' id='word_1_181' title='bbox 1075 1817 1232 1890; x_wconf 88' lang='lat' dir='ltr'>implicem,</span> 
     </span>
     <span class='ocr_line' id='line_1_21' title="bbox 156 1896 1231 1974; baseline -0.001 -17"><span class='ocrx_word' id='word_1_182' title='bbox 156 1920 229 1957; x_wconf 86' lang='lat' dir='ltr'>nam</span> <span class='ocrx_word' id='word_1_183' title='bbox 252 1918 298 1955; x_wconf 94' lang='lat' dir='ltr'>me</span> <span class='ocrx_word' id='word_1_184' title='bbox 322 1909 438 1974; x_wconf 89' lang='lat' dir='ltr'>praeter</span> <span class='ocrx_word' id='word_1_185' title='bbox 463 1909 544 1955; x_wconf 89' lang='lat' dir='ltr'>tuam</span> <span class='ocrx_word' id='word_1_186' title='bbox 569 1906 678 1953; x_wconf 88' lang='lat' dir='ltr'>sortem</span> <span class='ocrx_word' id='word_1_187' title='bbox 703 1896 839 1952; x_wconf 78' lang='lat' dir='ltr'>miseram</span> <span class='ocrx_word' id='word_1_188' title='bbox 862 1909 990 1970; x_wconf 89' lang='lat' dir='ltr'>terrent,</span> <span class='ocrx_word' id='word_1_189' title='bbox 1018 1910 1118 1955; x_wconf 89' lang='lat' dir='ltr'>terunt</span> <span class='ocrx_word' id='word_1_190' title='bbox 1143 1904 1231 1961; x_wconf 87' lang='lat' dir='ltr'>etiam</span> 
     </span>
     <span class='ocr_line' id='line_1_22' title="bbox 153 1980 1233 2061; baseline -0.001 -18"><span class='ocrx_word' id='word_1_191' title='bbox 153 1986 256 2044; x_wconf 80' lang='lat' dir='ltr'>fratris</span> <span class='ocrx_word' id='word_1_192' title='bbox 281 1985 324 2041; x_wconf 90' lang='lat' dir='ltr'>toi</span> <span class='ocrx_word' id='word_1_193' title='bbox 347 1985 525 2061; x_wconf 86' lang='lat' dir='ltr'>etTyphoei</span> <span class='ocrx_word' id='word_1_194' title='bbox 550 1981 697 2056; x_wconf 83' lang='lat' dir='ltr'>exempla,</span> <span class='ocrx_word' id='word_1_195' title='bbox 724 1980 776 2054; x_wconf 92' lang='lat' dir='ltr'>qui</span> <span class='ocrx_word' id='word_1_196' title='bbox 793 2001 886 2057; x_wconf 89' lang='lat' dir='ltr'>quum</span> <span class='ocrx_word' id='word_1_197' title='bbox 903 1984 957 2041; x_wconf 87' lang='lat' dir='ltr'>diis</span> <span class='ocrx_word' id='word_1_198' title='bbox 973 2005 1003 2041; x_wconf 88' lang='lat' dir='ltr'>se</span> <span class='ocrx_word' id='word_1_199' title='bbox 1020 1987 1233 2060; x_wconf 84' lang='lat' dir='ltr'>opposuissent,</span> 
     </span>
     <span class='ocr_line' id='line_1_23' title="bbox 155 2070 1241 2146; baseline -0.005 -16"><span class='ocrx_word' id='word_1_200' title='bbox 155 2073 289 2130; x_wconf 89' lang='lat' dir='ltr'>criminis</span> <span class='ocrx_word' id='word_1_201' title='bbox 308 2071 385 2126; x_wconf 87' lang='lat' dir='ltr'>diras</span> <span class='ocrx_word' id='word_1_202' title='bbox 402 2089 508 2146; x_wconf 86' lang='lat' dir='ltr'>poenas</span> <span class='ocrx_word' id='word_1_203' title='bbox 525 2070 640 2125; x_wconf 79' lang='lat' dir='ltr'>luunt“</span> <span class='ocrx_word' id='word_1_204' title='bbox 680 2090 728 2124; x_wconf 83' lang='lat' dir='ltr'>ooo</span> <span class='ocrx_word' id='word_1_205' title='bbox 751 2079 846 2125; x_wconf 90' lang='lat' dir='ltr'>autem</span> <span class='ocrx_word' id='word_1_206' title='bbox 867 2071 1061 2129; x_wconf 86' lang='lat' dir='ltr'>additamento</span> <span class='ocrx_word' id='word_1_207' title='bbox 1087 2072 1160 2130; x_wconf 90' lang='lat' dir='ltr'>hene</span> <span class='ocrx_word' id='word_1_208' title='bbox 1178 2094 1241 2142; x_wconf 47' lang='grc' dir='ltr'>αα,</span> 
     </span>
     <span class='ocr_line' id='line_1_24' title="bbox 152 2155 1232 2239; baseline 0.001 -23"><span class='ocrx_word' id='word_1_209' title='bbox 152 2177 224 2216; x_wconf 86' lang='lat' dir='ltr'>rere</span> <span class='ocrx_word' id='word_1_210' title='bbox 240 2166 333 2239; x_wconf 81' lang='lat' dir='ltr'>potest</span> <span class='ocrx_word' id='word_1_211' title='bbox 349 2157 458 2214; x_wconf 88' lang='lat' dir='ltr'>Oceani</span> <span class='ocrx_word' id='word_1_212' title='bbox 475 2157 583 2224; x_wconf 91' lang='lat' dir='ltr'>oratio,</span> <span class='ocrx_word' id='word_1_213' title='bbox 601 2173 693 2229; x_wconf 92' lang='lat' dir='ltr'>quum</span> <span class='ocrx_word' id='word_1_214' title='bbox 710 2173 762 2224; x_wconf 93' lang='lat' dir='ltr'>eo,</span> <span class='ocrx_word' id='word_1_215' title='bbox 778 2155 858 2231; x_wconf 80' lang='lat' dir='ltr'>quod</span> <span class='ocrx_word' id='word_1_216' title='bbox 871 2158 996 2214; x_wconf 87' lang='lat' dir='ltr'>Atlantis</span> <span class='ocrx_word' id='word_1_217' title='bbox 1013 2176 1120 2215; x_wconf 91' lang='lat' dir='ltr'>nomen</span> <span class='ocrx_word' id='word_1_218' title='bbox 1137 2179 1232 2236; x_wconf 79' lang='lat' dir='ltr'>appo-</span> 
     </span>
     <span class='ocr_line' id='line_1_25' title="bbox 151 2240 1230 2315; baseline 0.004 -14"><span class='ocrx_word' id='word_1_219' title='bbox 151 2246 219 2314; x_wconf 85' lang='lat' dir='ltr'>nit,</span> <span class='ocrx_word' id='word_1_220' title='bbox 233 2245 329 2301; x_wconf 90' lang='lat' dir='ltr'>statim</span> <span class='ocrx_word' id='word_1_221' title='bbox 347 2241 534 2315; x_wconf 82' lang='lat' dir='ltr'>intelligitur,</span> <span class='ocrx_word' id='word_1_222' title='bbox 550 2259 610 2296; x_wconf 92' lang='lat' dir='ltr'>non</span> <span class='ocrx_word' id='word_1_223' title='bbox 625 2259 712 2297; x_wconf 92' lang='lat' dir='ltr'>suum</span> <span class='ocrx_word' id='word_1_224' title='bbox 728 2260 794 2297; x_wconf 89' lang='lat' dir='ltr'>eum</span> <span class='ocrx_word' id='word_1_225' title='bbox 812 2240 859 2297; x_wconf 84' lang='lat' dir='ltr'>sed</span> <span class='ocrx_word' id='word_1_226' title='bbox 871 2240 1033 2300; x_wconf 79' lang='lat' dir='ltr'>Promethei</span> <span class='ocrx_word' id='word_1_227' title='bbox 1047 2247 1165 2304; x_wconf 79' lang='lat' dir='ltr'>fratrem</span> <span class='ocrx_word' id='word_1_228' title='bbox 1179 2249 1230 2305; x_wconf 87' lang='lat' dir='ltr'>di-</span> 
     </span>
     <span class='ocr_line' id='line_1_26' title="bbox 122 2327 1232 2405; baseline 0.004 -17"><span class='ocrx_word' id='word_1_229' title='bbox 122 2335 125 2339; x_wconf 75' lang='grc'>’</span> <span class='ocrx_word' id='word_1_230' title='bbox 151 2348 233 2388; x_wconf 88' lang='lat' dir='ltr'>cere.</span> <span class='ocrx_word' id='word_1_231' title='bbox 265 2330 382 2385; x_wconf 88' lang='lat' dir='ltr'>Diutius</span> <span class='ocrx_word' id='word_1_232' title='bbox 400 2328 524 2384; x_wconf 87' lang='lat' dir='ltr'>veroin</span> <span class='ocrx_word' id='word_1_233' title='bbox 548 2328 710 2383; x_wconf 88' lang='lat' dir='ltr'>enarrando</span> <span class='ocrx_word' id='word_1_234' title='bbox 728 2327 857 2402; x_wconf 88' lang='lat' dir='ltr'>Typhoei</span> <span class='ocrx_word' id='word_1_235' title='bbox 873 2329 931 2386; x_wconf 86' lang='lat' dir='ltr'>lato</span> <span class='ocrx_word' id='word_1_236' title='bbox 956 2345 1169 2405; x_wconf 87' lang='lat' dir='ltr'>commoratur,</span> <span class='ocrx_word' id='word_1_237' title='bbox 1195 2345 1232 2392; x_wconf 85' lang='lat' dir='ltr'>ut</span> 
     </span>
     <span class='ocr_line' id='line_1_27' title="bbox 151 2414 1230 2495; baseline -0.002 -20"><span class='ocrx_word' id='word_1_238' title='bbox 151 2419 215 2475; x_wconf 88' lang='lat' dir='ltr'>hoc</span> <span class='ocrx_word' id='word_1_239' title='bbox 232 2416 363 2491; x_wconf 86' lang='lat' dir='ltr'>exemplo</span> <span class='ocrx_word' id='word_1_240' title='bbox 379 2416 449 2471; x_wconf 87' lang='lat' dir='ltr'>satis</span> <span class='ocrx_word' id='word_1_241' title='bbox 470 2414 596 2469; x_wconf 89' lang='lat' dir='ltr'>terribili</span> <span class='ocrx_word' id='word_1_242' title='bbox 617 2417 703 2470; x_wconf 90' lang='lat' dir='ltr'>etiam</span> <span class='ocrx_word' id='word_1_243' title='bbox 719 2414 908 2471; x_wconf 88' lang='lat' dir='ltr'>Prometheus</span> <span class='ocrx_word' id='word_1_244' title='bbox 930 2417 1011 2474; x_wconf 86' lang='lat' dir='ltr'>Jovis</span> <span class='ocrx_word' id='word_1_245' title='bbox 1034 2419 1139 2475; x_wconf 88' lang='lat' dir='ltr'>timore</span> <span class='ocrx_word' id='word_1_246' title='bbox 1156 2426 1230 2495; x_wconf 65' lang='lat' dir='ltr'>pet..</span> 
     </span>
     <span class='ocr_line' id='line_1_28' title="bbox 151 2500 1254 2601; baseline 0.004 -42"><span class='ocrx_word' id='word_1_247' title='bbox 151 2505 284 2560; x_wconf 84' lang='lat' dir='ltr'>cutiatur</span> <span class='ocrx_word' id='word_1_248' title='bbox 301 2512 331 2558; x_wconf 89' lang='lat' dir='ltr'>et</span> <span class='ocrx_word' id='word_1_249' title='bbox 346 2503 435 2558; x_wconf 85' lang='lat' dir='ltr'>animi</span> <span class='ocrx_word' id='word_1_250' title='bbox 446 2500 628 2556; x_wconf 89' lang='lat' dir='ltr'>iracundiam</span> <span class='ocrx_word' id='word_1_251' title='bbox 639 2513 986 2601; x_wconf 66' lang='lat' dir='ltr'>componepemoveatur.</span> <span class='ocrx_word' id='word_1_252' title='bbox 1020 2505 1129 2572; x_wconf 90' lang='lat' dir='ltr'>Unum,</span> <span class='ocrx_word' id='word_1_253' title='bbox 1148 2506 1230 2580; x_wconf 87' lang='lat' dir='ltr'>quod</span> <span class='ocrx_word' id='word_1_254' title='bbox 1247 2536 1254 2545; x_wconf 82' lang='lat'>-</span> 
     </span>
     <span class='ocr_line' id='line_1_29' title="bbox 150 2585 1231 2661; baseline 0 -17"><span class='ocrx_word' id='word_1_255' title='bbox 150 2590 325 2646; x_wconf 80' lang='lat' dir='ltr'>&#39;Vellaverus</span> <span class='ocrx_word' id='word_1_256' title='bbox 347 2588 383 2644; x_wconf 85' lang='lat' dir='ltr'>ad</span> <span class='ocrx_word' id='word_1_257' title='bbox 403 2587 657 2644; x_wconf 88' lang='lat' dir='ltr'>corroborandum</span> <span class='ocrx_word' id='word_1_258' title='bbox 672 2585 801 2657; x_wconf 74' lang='lat' dir='ltr'>Elmslen</span> <span class='ocrx_word' id='word_1_259' title='bbox 823 2587 973 2646; x_wconf 85' lang='lat' dir='ltr'>inventum</span> <span class='ocrx_word' id='word_1_260' title='bbox 996 2589 1105 2661; x_wconf 86' lang='lat' dir='ltr'>attulit,</span> <span class='ocrx_word' id='word_1_261' title='bbox 1125 2594 1231 2650; x_wconf 82' lang='lat' dir='ltr'>vatici..</span> 
     </span>
     <span class='ocr_line' id='line_1_30' title="bbox 148 2669 1296 2752; baseline -0.001 -18"><span class='ocrx_word' id='word_1_262' title='bbox 148 2669 241 2734; x_wconf 77' lang='lat' dir='ltr'>mium</span> <span class='ocrx_word' id='word_1_263' title='bbox 258 2680 293 2735; x_wconf 87' lang='lat' dir='ltr'>V.</span> <span class='ocrx_word' id='word_1_264' title='bbox 304 2678 465 2748; x_wconf 78' lang='lat'><strong>575-380.</strong></span> <span class='ocrx_word' id='word_1_265' title='bbox 490 2683 657 2730; x_wconf 90' lang='lat' dir='ltr'>contentum</span> <span class='ocrx_word' id='word_1_266' title='bbox 680 2674 712 2728; x_wconf 90' lang='lat' dir='ltr'>in</span> <span class='ocrx_word' id='word_1_267' title='bbox 729 2673 837 2730; x_wconf 89' lang='lat' dir='ltr'>Oceani</span> <span class='ocrx_word' id='word_1_268' title='bbox 861 2692 1016 2747; x_wconf 88' lang='lat' dir='ltr'>personam</span> <span class='ocrx_word' id='word_1_269' title='bbox 1038 2695 1101 2734; x_wconf 92' lang='lat' dir='ltr'>non</span> <span class='ocrx_word' id='word_1_270' title='bbox 1117 2679 1230 2752; x_wconf 86' lang='lat' dir='ltr'>cadere,</span> <span class='ocrx_word' id='word_1_271' title='bbox 1289 2726 1296 2733; x_wconf 84' lang='lat'>.</span> 
     </span>
     <span class='ocr_line' id='line_1_31' title="bbox 152 2758 1230 2839; baseline 0.001 -18"><span class='ocrx_word' id='word_1_272' title='bbox 152 2775 260 2839; x_wconf 82' lang='lat' dir='ltr'>aptum</span> <span class='ocrx_word' id='word_1_273' title='bbox 279 2775 373 2819; x_wconf 91' lang='lat' dir='ltr'>autem</span> <span class='ocrx_word' id='word_1_274' title='bbox 392 2780 450 2816; x_wconf 88' lang='lat' dir='ltr'>esse</span> <span class='ocrx_word' id='word_1_275' title='bbox 466 2759 628 2815; x_wconf 91' lang='lat' dir='ltr'>Promethei</span> <span class='ocrx_word' id='word_1_276' title='bbox 645 2771 766 2815; x_wconf 86' lang='lat' dir='ltr'>naturae</span> <span class='ocrx_word' id='word_1_277' title='bbox 782 2758 927 2828; x_wconf 81' lang='lat' dir='ltr'>fatidicae,</span> <span class='ocrx_word' id='word_1_278' title='bbox 943 2762 1025 2818; x_wconf 83' lang='lat' dir='ltr'>facile</span> <span class='ocrx_word' id='word_1_279' title='bbox 1042 2782 1075 2819; x_wconf 90' lang='lat' dir='ltr'>eo</span> <span class='ocrx_word' id='word_1_280' title='bbox 1091 2765 1230 2823; x_wconf 80' lang='lat' dir='ltr'>conluta-</span> 
     </span>
     <span class='ocr_line' id='line_1_32' title="bbox 150 2845 1229 2922; baseline 0.004 -17"><span class='ocrx_word' id='word_1_281' title='bbox 150 2862 225 2918; x_wconf 82' lang='lat' dir='ltr'>tur,</span> <span class='ocrx_word' id='word_1_282' title='bbox 248 2847 327 2922; x_wconf 78' lang='lat' dir='ltr'>q&#39;uod</span> <span class='ocrx_word' id='word_1_283' title='bbox 346 2867 378 2903; x_wconf 86' lang='lat' dir='ltr'>ea</span> <span class='ocrx_word' id='word_1_284' title='bbox 392 2853 441 2902; x_wconf 83' lang='lat' dir='ltr'>r&#39;es</span> <span class='ocrx_word' id='word_1_285' title='bbox 457 2846 543 2901; x_wconf 89' lang='lat' dir='ltr'>etiam</span> <span class='ocrx_word' id='word_1_286' title='bbox 561 2847 690 2914; x_wconf 90' lang='lat' dir='ltr'>Oceano,</span> <span class='ocrx_word' id='word_1_287' title='bbox 706 2845 820 2916; x_wconf 87' lang='lat' dir='ltr'>Titani,</span> <span class='ocrx_word' id='word_1_288' title='bbox 842 2856 869 2902; x_wconf 91' lang='lat' dir='ltr'>et</span> <span class='ocrx_word' id='word_1_289' title='bbox 886 2847 953 2904; x_wconf 87' lang='lat' dir='ltr'>deae</span> <span class='ocrx_word' id='word_1_290' title='bbox 970 2849 1100 2907; x_wconf 83' lang='lat' dir='ltr'>fatidicae</span> <span class='ocrx_word' id='word_1_291' title='bbox 1119 2854 1229 2909; x_wconf 62' lang='lat' dir='ltr'>Vardo·</span> 
     </span>
     <span class='ocr_line' id='line_1_33' title="bbox 150 2931 1230 3013; baseline 0.001 -21"><span class='ocrx_word' id='word_1_292' title='bbox 150 2936 221 2992; x_wconf 83' lang='lat' dir='ltr'>tilio</span> <span class='ocrx_word' id='word_1_293' title='bbox 236 2935 393 3013; x_wconf 82' lang='lat' dir='ltr'>innotuisse</span> <span class='ocrx_word' id='word_1_294' title='bbox 410 2942 534 3007; x_wconf 86' lang='lat' dir='ltr'>poterat.</span> <span class='ocrx_word' id='word_1_295' title='bbox 574 2931 640 2988; x_wconf 92' lang='lat' dir='ltr'>Non</span> <span class='ocrx_word' id='word_1_296' title='bbox 658 2934 747 3008; x_wconf 80' lang='lat' dir='ltr'>igitur</span> <span class='ocrx_word' id='word_1_297' title='bbox 764 2943 821 3002; x_wconf 90' lang='lat' dir='ltr'>est,</span> <span class='ocrx_word' id='word_1_298' title='bbox 846 2935 926 3007; x_wconf 84' lang='lat' dir='ltr'>quod</span> <span class='ocrx_word' id='word_1_299' title='bbox 943 2933 1087 2994; x_wconf 86' lang='lat' dir='ltr'>librorum</span> <span class='ocrx_word' id='word_1_300' title='bbox 1104 2955 1230 2994; x_wconf 89' lang='lat' dir='ltr'>consen·</span> 
     </span>
     <span class='ocr_line' id='line_1_34' title="bbox 149 3013 1230 3095; baseline 0.005 -16"><span class='ocrx_word' id='word_1_301' title='bbox 149 3013 434 3095; x_wconf 52' lang='lat' dir='ltr'>sumfaspernemur</span> <span class='ocrx_word' id='word_1_302' title='bbox 465 3028 493 3073; x_wconf 92' lang='lat' dir='ltr'>et</span> <span class='ocrx_word' id='word_1_303' title='bbox 519 3019 581 3074; x_wconf 87' lang='lat' dir='ltr'>sine</span> <span class='ocrx_word' id='word_1_304' title='bbox 606 3038 692 3074; x_wconf 87' lang='lat' dir='ltr'>causa</span> <span class='ocrx_word' id='word_1_305' title='bbox 717 3019 753 3074; x_wconf 88' lang='lat' dir='ltr'>ad</span> <span class='ocrx_word' id='word_1_306' title='bbox 776 3018 1002 3093; x_wconf 89' lang='lat' dir='ltr'>improbandum</span> <span class='ocrx_word' id='word_1_307' title='bbox 1024 3024 1128 3080; x_wconf 89' lang='lat' dir='ltr'>idonea</span> <span class='ocrx_word' id='word_1_308' title='bbox 1151 3043 1230 3084; x_wconf 80' lang='lat' dir='ltr'>nova</span> 
     </span>
     <span class='ocr_line' id='line_1_35' title="bbox 149 3105 1230 3173; baseline 0.003 -8"><span class='ocrx_word' id='word_1_309' title='bbox 149 3108 321 3166; x_wconf 73' lang='lat' dir='ltr'>moliamur.</span> <span class='ocrx_word' id='word_1_310' title='bbox 357 3105 475 3162; x_wconf 81' lang='lat' dir='ltr'>Accedit</span> <span class='ocrx_word' id='word_1_311' title='bbox 491 3106 592 3173; x_wconf 88' lang='lat' dir='ltr'>etiam,</span> <span class='ocrx_word' id='word_1_312' title='bbox 608 3114 640 3160; x_wconf 91' lang='lat' dir='ltr'>ut</span> <span class='ocrx_word' id='word_1_313' title='bbox 657 3106 800 3162; x_wconf 87' lang='lat' dir='ltr'>nonnulla</span> <span class='ocrx_word' id='word_1_314' title='bbox 818 3109 848 3161; x_wconf 89' lang='lat' dir='ltr'>in</span> <span class='ocrx_word' id='word_1_315' title='bbox 866 3107 919 3164; x_wconf 91' lang='lat' dir='ltr'>hac</span> <span class='ocrx_word' id='word_1_316' title='bbox 933 3111 1230 3168; x_wconf 87' lang='lat' dir='ltr'>orationeinvenian-</span> 
     </span>
     <span class='ocr_line' id='line_1_36' title="bbox 149 3170 1290 3267; baseline 0.003 -15"><span class='ocrx_word' id='word_1_317' title='bbox 149 3207 224 3262; x_wconf 88' lang='lat' dir='ltr'>tur,</span> <span class='ocrx_word' id='word_1_318' title='bbox 251 3190 422 3249; x_wconf 91' lang='lat' dir='ltr'>Prometheo</span> <span class='ocrx_word' id='word_1_319' title='bbox 446 3188 529 3245; x_wconf 92' lang='lat' dir='ltr'>nullo</span> <span class='ocrx_word' id='word_1_320' title='bbox 553 3170 637 3265; x_wconf 61' lang='lat' dir='ltr'>patio</span> <span class='ocrx_word' id='word_1_321' title='bbox 661 3193 869 3250; x_wconf 88' lang='lat' dir='ltr'>convenientia.</span> <span class='ocrx_word' id='word_1_322' title='bbox 910 3196 990 3267; x_wconf 89' lang='lat' dir='ltr'>Quid</span> <span class='ocrx_word' id='word_1_323' title='bbox 1012 3197 1110 3254; x_wconf 82' lang='lat' dir='ltr'>enim?</span> <span class='ocrx_word' id='word_1_324' title='bbox 1150 3201 1178 3255; x_wconf 87' lang='lat' dir='ltr'>ls</span> <span class='ocrx_word' id='word_1_325' title='bbox 1195 3200 1239 3255; x_wconf 84' lang='lat' dir='ltr'>in&#39;</span> <span class='ocrx_word' id='word_1_326' title='bbox 1282 3254 1290 3264; x_wconf 79' lang='grc'><strong><em>,</em></strong></span> 
     </span>
     <span class='ocr_line' id='line_1_37' title="bbox 150 3275 1313 3365; baseline 0.008 -27"><span class='ocrx_word' id='word_1_327' title='bbox 150 3281 288 3356; x_wconf 87' lang='lat' dir='ltr'>Typhoei</span> <span class='ocrx_word' id='word_1_328' title='bbox 303 3276 452 3335; x_wconf 84' lang='lat' dir='ltr'>atrocitate</span> <span class='ocrx_word' id='word_1_329' title='bbox 473 3275 653 3349; x_wconf 82' lang='lat' dir='ltr'>depingenda</span> <span class='ocrx_word' id='word_1_330' title='bbox 676 3287 736 3334; x_wconf 86' lang='lat' dir='ltr'>tam</span> <span class='ocrx_word' id='word_1_331' title='bbox 750 3279 845 3353; x_wconf 83' lang='lat' dir='ltr'>&#39;longe</span> <span class='ocrx_word' id='word_1_332' title='bbox 861 3293 1093 3340; x_wconf 86' lang='lat' dir='ltr'>commoraturus</span> <span class='ocrx_word' id='word_1_333' title='bbox 1109 3285 1229 3347; x_wconf 77' lang='lat' dir='ltr'>fuisset?</span> <span class='ocrx_word' id='word_1_334' title='bbox 1306 3351 1313 3365; x_wconf 53' lang='lat'>,</span> 
     </span>
     <span class='ocr_line' id='line_1_38' title="bbox 150 3360 1227 3437; baseline 0.005 -10"><span class='ocrx_word' id='word_1_335' title='bbox 150 3372 179 3427; x_wconf 87' lang='lat' dir='ltr'>is</span> <span class='ocrx_word' id='word_1_336' title='bbox 204 3369 251 3425; x_wconf 93' lang='lat' dir='ltr'>dei</span> <span class='ocrx_word' id='word_1_337' title='bbox 274 3364 407 3431; x_wconf 78' lang='lat' dir='ltr'>rebellis,</span> <span class='ocrx_word' id='word_1_338' title='bbox 437 3360 531 3434; x_wconf 84' lang='lat' dir='ltr'>qualis</span> <span class='ocrx_word' id='word_1_339' title='bbox 561 3363 623 3437; x_wconf 92' lang='lat' dir='ltr'>ipse</span> <span class='ocrx_word' id='word_1_340' title='bbox 649 3373 740 3433; x_wconf 65' lang='lat' dir='ltr'>erat,</span> <span class='ocrx_word' id='word_1_341' title='bbox 758 3367 847 3423; x_wconf 81' lang='lat' dir='ltr'>verha</span> <span class='ocrx_word' id='word_1_342' title='bbox 876 3379 978 3427; x_wconf 91' lang='lat' dir='ltr'>contra</span> <span class='ocrx_word' id='word_1_343' title='bbox 1000 3369 1102 3429; x_wconf 84' lang='lat' dir='ltr'>Jovem</span> <span class='ocrx_word' id='word_1_344' title='bbox 1135 3374 1227 3432; x_wconf 88' lang='lat' dir='ltr'>edicta</span> 
     </span>
     <span class='ocr_line' id='line_1_39' title="bbox 147 3447 1229 3530; baseline 0.006 -20"><span class='ocrx_word' id='word_1_345' title='bbox 147 3451 281 3530; x_wconf 68' lang='grc' dir='ltr'><strong><em>ὖψήγαρα</em></strong></span> <span class='ocrx_word' id='word_1_346' title='bbox 302 3449 494 3524; x_wconf 68' lang='grc' dir='ltr'>κομπάσματα</span> <span class='ocrx_word' id='word_1_347' title='bbox 515 3447 551 3506; x_wconf 84' lang='lat' dir='ltr'>V·</span> <span class='ocrx_word' id='word_1_348' title='bbox 572 3451 636 3508; x_wconf 76' lang='lat'><strong>368.</strong></span> <span class='ocrx_word' id='word_1_349' title='bbox 657 3461 814 3510; x_wconf 82' lang='lat' dir='ltr'>vocaturus</span> <span class='ocrx_word' id='word_1_350' title='bbox 836 3453 953 3515; x_wconf 78' lang='lat' dir='ltr'>luisset?</span> <span class='ocrx_word' id='word_1_351' title='bbox 984 3465 1015 3512; x_wconf 90' lang='lat' dir='ltr'>et</span> <span class='ocrx_word' id='word_1_352' title='bbox 1034 3457 1095 3515; x_wconf 84' lang='lat' dir='ltr'>fere</span> <span class='ocrx_word' id='word_1_353' title='bbox 1115 3461 1229 3523; x_wconf 85' lang='lat' dir='ltr'>ironica</span> 
     </span>
     <span class='ocr_line' id='line_1_40' title="bbox 149 3535 424 3616; baseline 0.004 -14"><span class='ocrx_word' id='word_1_354' title='bbox 149 3535 424 3616; x_wconf 61' lang='lat' dir='ltr'>circumscriptione</span> 
     </span>
    </p>
   </div>
   <div class='ocr_carea' id='block_1_6' title="bbox 273 3696 1187 4034">
    <p class='ocr_par' dir='ltr' id='par_1_6' title="bbox 273 3696 1187 4034">
     <span class='ocr_line' id='line_1_41' title="bbox 361 3696 1080 3778; baseline 0.008 -19"><span class='ocrx_word' id='word_1_355' title='bbox 361 3699 420 3760; x_wconf 69' lang='grc' dir='ltr'>ἀλλ’</span> <span class='ocrx_word' id='word_1_356' title='bbox 436 3696 526 3776; x_wconf 74' lang='grc' dir='ltr'><strong><em>ἦλθαν</em></strong></span> <span class='ocrx_word' id='word_1_357' title='bbox 541 3699 618 3774; x_wconf 75' lang='lat' dir='ltr'>aa&#39;rqi</span> <span class='ocrx_word' id='word_1_358' title='bbox 632 3702 722 3777; x_wconf 72' lang='grc' dir='ltr'>Ζηνόα</span> <span class='ocrx_word' id='word_1_359' title='bbox 736 3699 880 3777; x_wconf 69' lang='grc' dir='ltr'>ἄγρυπνον</span> <span class='ocrx_word' id='word_1_360' title='bbox 894 3704 982 3778; x_wconf 68' lang='grc' dir='ltr'><strong><em>βέλος,</em></strong></span> <span class='ocrx_word' id='word_1_361' title='bbox 1074 3708 1080 3723; x_wconf 82' lang='lat'><em>&#39;</em></span> 
     </span>
     <span class='ocr_line' id='line_1_42' title="bbox 313 3788 1187 3864; baseline 0 -17"><span class='ocrx_word' id='word_1_362' title='bbox 313 3804 319 3818; x_wconf 82' lang='grc'><em>“</em></span> <span class='ocrx_word' id='word_1_363' title='bbox 363 3788 534 3863; x_wconf 70' lang='grc' dir='ltr'>καταιβάτης</span> <span class='ocrx_word' id='word_1_364' title='bbox 549 3791 678 3861; x_wconf 75' lang='grc' dir='ltr'><strong><em>ααραυνόσ</em></strong></span> <span class='ocrx_word' id='word_1_365' title='bbox 693 3791 815 3847; x_wconf 74' lang='grc' dir='ltr'>ἐκπνέων</span> <span class='ocrx_word' id='word_1_366' title='bbox 830 3788 925 3864; x_wconf 71' lang='grc' dir='ltr'><strong><em>φλόγα,</em></strong></span> <span class='ocrx_word' id='word_1_367' title='bbox 1182 3798 1187 3805; x_wconf 86' lang='grc'><strong>’</strong></span> 
     </span>
     <span class='ocr_line' id='line_1_43' title="bbox 273 3871 885 3951; baseline 0.007 -23"><span class='ocrx_word' id='word_1_368' title='bbox 273 3924 276 3928; x_wconf 91' lang='grc'>.</span> <span class='ocrx_word' id='word_1_369' title='bbox 363 3873 395 3935; x_wconf 80' lang='lat' dir='ltr'>iic</span> <span class='ocrx_word' id='word_1_370' title='bbox 410 3872 499 3932; x_wconf 73' lang='lat' dir='ltr'>nicio</span> <span class='ocrx_word' id='word_1_371' title='bbox 514 3874 644 3947; x_wconf 71' lang='grc' dir='ltr'>ἐξέπληξε</span> <span class='ocrx_word' id='word_1_372' title='bbox 658 3875 715 3934; x_wconf 75' lang='grc' dir='ltr'>ταῖν</span> <span class='ocrx_word' id='word_1_373' title='bbox 731 3871 885 3951; x_wconf 65' lang='lat' dir='ltr'>ripariam</span> 
     </span>
     <span class='ocr_line' id='line_1_44' title="bbox 361 3959 582 4034; baseline 0.005 -16"><span class='ocrx_word' id='word_1_374' title='bbox 361 3959 582 4034; x_wconf 55' lang='lat' dir='ltr'>annunciabitur.</span> 
     </span>
    </p>
   </div>
   <div class='ocr_carea' id='block_1_7' title="bbox 0 0 1342 4756">
    <p class='ocr_par' dir='ltr' id='par_1_7' title="bbox 0 0 1342 4756">
     <span class='ocr_line' id='line_1_45' title="bbox 0 0 1342 4756; baseline 0 4"><span class='ocrx_word' id='word_1_375' title='bbox 0 0 1342 4756; x_wconf 95' lang='lat' dir='ltr'> </span> 
     </span>
    </p>
   </div>
  </div>
 </body>
</html>
