2676 4756
544 361 597 380 ...
646 326 800 409 21'...

130 545 253 620 usque
281 543 358 593 una
388 532 511 615 agunt
547 519 636 594 *Vel
660 521 830 593 Chorum
861 520 1035 616 excipere
1065 521 1212 618 nequis,

130 645 199 740 qui
214 654 301 736 post
317 643 466 713 demum
483 664 630 712 scenam
647 642 867 735 ingreditur,
892 640 1210 718 ubiPrometheus

128 761 341 835 a-Vulcano
364 783 487 856 poena
504 759 661 833 affectus
674 770 747 877 lest.
798 758 877 850 Qui
899 783 1015 854 quum
1030 784 1116 834 cum
1140 788 1211 859 ap-

124 1033 213 1090 licius
231 1031 381 1106 Sophoclis
399 1032 564 1104 ingenium,
591 1043 654 1088 erat
681 1041 778 1088 autem
803 1031 916 1087 diversa
941 1034 1038 1090 aetatis
1057 1036 1212 1111 utriusque

123 1119 251 1177 indoles.
267 1154 270 1159 -
285 1119 360 1174 Nam
370 1117 555 1174 Athenienses
564 1120 697 1192 Aeschyli
714 1125 742 1190 *)
758 1130 892 1191 tempore
910 1117 991 1173 bellis
1010 1122 1130 1177 Persicis
1147 1133 1208 1177 tam

125 1205 392 1267 commovebantur
408 1215 435 1259 et
452 1205 657 1281 excitabantur,
677 1217 710 1261 ut
726 1208 760 1262 ad
778 1208 852 1282 epici
870 1207 981 1279 generis
998 1208 1094 1278 igneus
1108 1218 1136 1262 et
1148 1209 1211 1264 vim

125 1302 219 1368 qda'm
239 1292 405 1365 pronissimi
423 1292 614 1373 'redderentur
632 1302 659 1346 et
676 1303 835 1369 utrumque
854 1295 939 1348 etiam
957 1294 989 1346 in
1007 1303 1070 1347 arte
1090 1292 1211 1347 drama-

124 1381 186 1435 tica
202 1397 264 1434 non
282 1380 377 1434 solum
394 1378 520 1446 ferrent,
537 1396 640 1433 verum
658 1381 744 1434 etiam
763 1371 946 1434 vehementer
966 1387 1106 1434 amarent.
1141 1378 1210 1433 Non

124 1475 226 1522 autem
242 1465 335 1519 multo
353 1474 419 1538 post
436 1463 506 1518 belli
520 1464 652 1525 'scintillis
669 1468 774 1528 sensim
792 1467 956 1543 sensimque
967 1465 1211 1536 evanescentibus,
1225 1465 1229 1473 '

125 1552 221 1623 magis
239 1552 270 1604 iu
290 1552 378 1606 vitam
396 1549 511 1604 civilem
529 1561 558 1604 et
575 1570 759 1609 communem
776 1542 983 1616 incumberent
997 1552 1107 1607 artibus
1124 1549 1211 1605 cultis

125 1636 342 1708 mansuetisque
360 1656 389 1691 se
407 1636 475 1692 dare
501 1638 693 1710 incipiebant,
720 1659 808 1712 quam
835 1638 941 1712 quibus
965 1638 1016 1692 illa
1039 1635 1212 1712 sublimitas,

123 1722 199 1777 fines
215 1721 382 1792 hujusmodi
400 1726 475 1780 vitae
493 1722 569 1779 baud
588 1714 658 1778 saro
676 1726 822 1796 migrans,
841 1737 869 1784 et
886 1710 1139 1799 grandiloqneutia
1156 1722 1212 1776 ista

125 1808 244 1885 placere
261 1810 410 1881 potuisset.
458 1811 522 1887 Qua
541 1810 570 1863 in
588 1821 677 1872 aetate
693 1811 851 1886 Sophocles
869 1813 1034 1873 maximam
1045 1811 1120 1863 vitae
1138 1826 1211 1881 par-

124 1905 189 1950 tem
207 1894 311 1967 degens
327 1895 416 1948 to'tius
433 1895 537 1968 populi
556 1897 706 1970 paullatim
724 1888 863 1956 conversa
873 1911 979 1955 natura
998 1898 1065 1972 plus
1077 1895 1212 1950 minusve

123 1982 298 2054 imprudens
317 1981 378 2053 ipse
395 1981 537 2036 abductus
562 1983 632 2037 tales
650 1987 811 2056 tragoedias
830 1988 968 2057 confecit,
994 2003 1067 2058 quae
1085 1992 1212 2038 mutatae
1303 1994 1305 1999 '

126 2067 176 2122 itti
193 2079 308 2122 naturae
326 2078 418 2129 essent
436 2079 643 2131 consentaneae
661 2079 688 2122 et
704 2073 947 2131 accommodatae.
981 2071 1024 2125 lta
1037 2079 1132 2124 antem
1144 2078 1211 2123 stu-

129 2153 210 2220 duit,
238 2163 267 2205 ut
292 2153 508 2231 tragoediarum
534 2161 561 2205 et
580 2166 783 2224 argumentum
802 2167 829 2208 et
846 2174 987 2238 personae
1012 2173 1075 2208 non
1092 2153 1210 2224 longius

124 2239 257 2296 abessent
274 2237 309 2291 ab
324 2258 356 2292 eo
375 2248 514 2311 tempore,
534 2255 593 2309 quo
613 2240 781 2313 agebantur,
800 2258 887 2312 quam
906 2260 1033 2313 quarum
1051 2237 1211 2293 similitudo

117 2325 165 2386 ⁴aad
176 2318 368 2379 'Athenienses
386 2343 454 2383 suns
472 2324 671 2391 conserantur,
698 2336 761 2381 tum
778 2336 812 2379 ut
830 2345 932 2380 earum
954 2328 1027 2383 ltcta
1051 2337 1078 2380 et
1095 2344 1210 2380 sermo-

124 2432 178 2469 nes
199 2414 286 2474 vitam
303 2412 417 2468 ciuilem
436 2429 556 2484 eamque
568 2423 735 2484 exprnatam
754 2423 783 2469 et
798 2413 979 2486 pulcriorem
991 2413 1212 2470 sublimiorem-

126 2519 186 2575 que
210 2508 467 2573 repraesentarent.
518 2499 585 2579 Quo
611 2498 719 2556 factum
745 2511 800 2568 est,
833 2511 867 2554 nt
890 2500 1022 2579 Aeschyli
1048 2499 1212 2570 tragoediae

127 2587 286 2643 maximam
311 2595 424 2659 partem
446 2583 476 2636 iu
495 2583 584 2638 rebus
602 2585 707 2641 divinis
725 2591 771 2658 **)
795 2585 936 2660 fingendis
960 2586 1211 2658 describendisque

126 2682 327 2739 versarentur,
339 2707 341 2717 ·
354 2669 493 2743 Sophocli
512 2679 605 2724 autem
625 2672 706 2727 cordi
725 2683 796 2727 esset
812 2673 983 2731 humanum.
1029 2675 1131 2744 Itaque
1148 2689 1211 2726 uon

128 2759 246 2832 quidem
264 2759 481 2834 improbamus,
501 2756 579 2829 quod
599 2757 749 2828 diligenter
768 2759 801 2813 de
820 2769 929 2814 mutata
946 2757 1080 2834 Aeschyli
1099 2759 1131 2811 in
1150 2758 1210 2812 So-

126 2837 280 2920 ¹phocleam
298 2845 476 2920 tragoediam
495 2843 613 2916 exponit
631 2844 786 2901 Velclrerus
803 2845 824 2902 l.
844 2846 864 2899 l.
882 2867 912 2919 p.
930 2849 1003 2914 511„
1021 2862 1136 2898 causam
1157 2862 1210 2898 au·

126 2916 185 2987 tem
202 2935 265 3003 ejus
283 2933 325 2986 rei
344 2932 429 2986 altius
445 2930 559 2984 latuisse
581 2949 745 3002 censemus,
771 2935 818 2988 eui
836 2933 993 2988 sententiae
1009 2930 1143 2986 accedere
1160 2929 1208 3003 vi-

129 3019 212 3096 detur
237 3019 314 3074 idem
342 3039 373 3092 p.
388 3020 450 3072 513.
495 3016 559 3070 Jaln
586 3017 608 3071 si
632 3019 669 3072 ab
687 3021 859 3093 antiquitate
883 3019 919 3074 ad
947 3027 1046 3076 nostra
1076 3020 1210 3088 tempora

130 3107 278 3162 transilire
298 3106 378 3170 li'cet,
403 3103 494 3164 simile
520 3102 605 3158 illius·
622 3116 775 3178 poetarum
795 3108 874 3182 paris
899 3105 1085 3160 illustrissimi
1103 3101 1209 3156 discri-

130 3210 196 3248 men
213 3190 455 3246 i'ntchoetbium
466 3189 674 3247 et'Schillcrum
693 3196 869 3250 intercedere
888 3183 1012 3260 videtur,
1030 3205 1209 3263 quamquam

131 3281 225 3337 aetatis
243 3280 318 3334 ratio
337 3278 422 3348 longe
439 3276 494 3331 alia
512 3287 562 3331 cst.
595 3277 727 3352 Namque
741 3292 774 3336 ut
791 3280 837 3334 bic
856 3280 891 3335 ad
909 3279 1117 3334 sublimitatem
1131 3291 1209 3348 pro-

130 3368 264 3423 nissimus
282 3384 332 3431 ea,
350 3382 424 3440 quae
441 3382 457 3417 a
474 3352 533 3418 vita
550 3362 678 3420 humana
695 3360 853 3440 r‘erumque
870 3365 996 3422 naturali
1014 3372 1209 3435 consuetaque

132 3454 295 3522 conditione
312 3451 436 3506 maxime
453 3461 564 3504 remota
582 3463 663 3520 suut,
684 3465 788 3520 amat,
815 3452 943 3526 lingit'et
966 3452 1047 3525 poesi
1067 3464 1207 3516 exornare
1297 3466 1299 3471 ·

134 3540 322 3612 (idealisiren)
342 3536 467 3602 studuit,
497 3540 537 3592 ita
557 3538 712 3608 Goethius,
738 3539 889 3613 Sophoclis
912 3550 946 3593 ut
971 3536 1089 3605 iubae,
1117 3537 1158 3589 ita
1175 3536 1208 3588 in

134 3627 192 3682 aliis
210 3625 391 3692 simillimus,
409 3623 440 3676 iu
459 3624 516 3676 vita
534 3626 689 3698 animoque
706 3625 850 3693 humano,
869 3644 999 3700 quorum
1016 3625 1102 3697 adyta
1120 3621 1209 3676 miri-

134 3711 370 3786 imponebant,
397 3710 587 3785 depingendis
611 3720 639 3768 et
656 3711 867 3787 amplificandis
890 3731 1014 3787 maguus
1039 3720 1080 3766 est
1103 3720 1131 3764 et
1156 3709 1207 3764 iu·

135 3799 347 3873 comparabilis.
434 3860 437 3869 ,
463 3858 466 3862 J
947 3824 950 3830 ·

131 3906 342 3939 ,ὼ-ἀ-
371 3897 374 3905 ·
443 3906 446 3911 .
913 3876 916 3881 ¹

156 3992 192 4061 ⁴)
219 3989 307 4043 Lectu
325 3983 490 4057 dignissima
507 3991 590 4051 sunt,
609 4001 682 4058 quae
700 3983 753 4041 hac
770 3983 806 4041 de
824 4002 857 4040 re
872 3984 983 4062 profert
999 3983 1035 4040 A.
1053 3983 1090 4038 G.
1107 3981 1207 4038 Schle-

194 4059 292 4132 ¹gelius
309 4055 329 4110 l.
347 4054 367 4110 l.
384 4065 455 4111 tom.
474 4054 497 4110 Ι.
516 4076 546 4130 p.
567 4056 625 4110 134.

173 4160 210 4230 *ll
240 4159 284 4215 Cf.
307 4174 382 4231 quae
404 4154 516 4229 profert
543 4154 692 4211 Jacobsius
713 4157 743 4210 in
761 4157 927 4212 Gboroktere
944 4157 993 4211 der
1016 4141 1206 4211 sornetmseen

204 4232 319 4285 Dichter
334 4245 364 4300 p.
383 4224 417 4310 ll.
435 4245 465 4299 p.
484 4224 546 4282 428.
564 4243 595 4281 u.
614 4243 644 4282 x.
