2676 4756
468 285 723 365 ...41-

55 486 178 563 animi
202 470 430 576 musantia
454 481 555 571 ridet
578 477 719 575 minas,
743 477 856 557 irruit
876 481 919 553 in
935 478 1078 555 Oreum
1091 496 1131 560 et

57 632 148 681 cum
189 607 331 685 fractus
369 602 540 683 illabatur
578 600 682 674 orbis
720 599 954 696 Impavidum
986 602 1131 681 feriunt

36 727 203 811 ¹ruinae.
237 722 334 795 Hor.
349 719 427 811 111,
453 720 491 813 5,
517 741 553 810 7.
571 716 607 789 8.
656 717 758 790 Dum
773 741 863 797 vero
879 723 1130 794 contumacis-

60 846 194 917 simam
219 820 436 911 Prom'etbei
468 835 727 910 fortitudinem
755 837 935 911 admirari
957 841 1039 914 fere
1062 866 1133 914 oo-

60 961 209 1056 gimur,
244 941 310 1028 bio'
329 953 406 1027 illio
431 955 542 1027 etiam
566 954 614 1025 ad
639 953 803 1048 ejusdem
826 948 1003 1052 tanquam
1025 984 1132 1033 ama.

55 1078 148 1154 *bilis
172 1084 328 1147 naturae
352 1094 518 1145 amorem
543 1094 731 1149 vocamur.
781 1073 883 1164 Quid
909 1075 1152 1180 enimmol-¹

61 1196 139 1269 lius
170 1203 230 1267 est
262 1201 301 1267 et
331 1202 515 1288 generoso
533 1192 662 1267 'animo
686 1192 856 1290 dignius,
889 1216 1001 1293 quam
1033 1199 1135 1293 quod

62 1384 275 1408 m

62 1490 247 1549 aiebtbarern
263 1484 326 1545 und
344 1485 529 1546 dauerndern
545 1486 639 1548 leiden
656 1491 705 1550 des
722 1488 911 1548 Prometheus
927 1489 994 1564 aui,·
1013 1492 1074 1549 und
1090 1492 1137 1552 dle

63 1577 292 1653 ungemtsaigte,
314 1577 517 1649 ungeauegelte
532 1577 695 1653 beliiglreit‚
717 1579 773 1637 mit
794 1575 979 1639 nelcberaie
1001 1578 1066 1637 siah
1086 1580 1139 1638 der

64 1664 269 1738 reraweiliung
285 1663 363 1737 prais
373 1663 461 1738 giebt,
478 1663 561 1719 laesst
571 1682 627 1720 una
642 1664 694 1724 wie
706 1665 738 1719 in
751 1664 845 1719 einem
858 1662 964 1739 spiegal
977 1664 1027 1721 das
1041 1685 1140 1740 grosse

64 1751 202 1827 gemuetb
218 1749 268 1805 dea
284 1751 408 1807 Titanen
424 1749 581 1807 erbennen.
621 1751 705 1823 Quae
720 1760 781 1807 tam
803 1750 905 1824 pulcre
923 1767 1047 1825 vereque
1063 1742 1141 1814 dicta

66 1848 147 1908 sunt,
164 1846 200 1893 ut
211 1835 365 1893 tralatione
375 1855 436 1893 non
448 1835 609 1912 potuissent
624 1836 830 1892 detrimentum
847 1853 909 1890 non
926 1854 1040 1911 capere.
1071 1840 1142 1899 Les-

16 1950 19 1957 ·
67 1927 134 1999 sing
150 1922 316 1979 Laocoonte
329 1923 382 1978 lv.
416 1921 607 1997 Ueberbanpt
623 1941 705 1979 muas
719 1941 789 1979 man
806 1922 854 1979 bei
872 1922 925 1978 der
936 1924 1142 2005 vergleichung

69 2011 122 2067 dea
136 2008 287 2066 leidenden
304 2009 444 2067 Hercules
460 2011 515 2067 mit
528 2010 595 2067 dem
611 2009 761 2067 leidenden
772 2007 914 2069 Philoctet
928 2010 1010 2068 nieht
1025 2032 1146 2089 vergea-

72 2115 141 2169 aen‚
168 2095 232 2153 dass
254 2098 336 2168 jener
358 2094 405 2150 ein
422 2094 613 2168 Halbgott
635 2096 698 2150 und
715 2094 806 2151 dieser
822 2113 882 2150 nur
899 2095 946 2150 ein
963 2101 1079 2157 mensch
1094 2103 1142 2160 ist.

70 2184 135 2241 Der
148 2180 262 2259 mensch
280 2178 407 2237 schaemt
423 2180 483 2237 sich
499 2182 594 2237 seiner
608 2180 714 2254 blagen
730 2181 779 2236 nie
796 2181 897 2252 (Hom.
914 2179 1021 2255 delapso
1037 2183 1142 2261 λεῖβον.

70 2267 180 2341 ddum
195 2267 294 2340 θερμᾰ
309 2267 432 2338 χέοντο),
449 2267 519 2323 aber
534 2270 586 2325 der
603 2267 745 2339 lialbgott
758 2267 883 2324 schaemt
893 2265 975 2338 sich,
1000 2270 1065 2327 dass
1081 2275 1144 2332 sein

69 2354 243 2433 aterblieher
259 2353 329 2409 thail
348 2352 436 2408 ueber
460 2353 517 2409 den
536 2353 753 2410 unsterblicben
770 2371 803 2407 so
821 2352 875 2407 viel
895 2354 1043 2413 vermocht
1059 2357 1145 2434 habe,
1262 2366 1265 2370 ’

73 2442 141 2498 dass
161 2460 195 2498 er
218 2441 271 2497 wie
291 2440 338 2495 ein
359 2439 516 2497 maedchen
533 2441 641 2499 weluen
664 2439 725 2494 und
742 2437 860 2497 winseln
878 2459 1020 2501 muessen.
1053 2444 1147 2523 Sopb,

69 2527 183 2585 'l'racb¹
206 2526 243 2582 V.
268 2528 346 2585 1088.
363 2527 409 2597 89.
437 2556 473 2572 ·-
502 2523 574 2587 deur
603 2523 671 2586 aiere
702 2530 848 2597 murdim
876 2530 1001 2601 βέβρωκα
1029 2531 1150 2591 alatur-¹

72 2617 175 2690 Atque
190 2612 257 2668 inde
274 2613 312 2669 ab
323 2614 453 2669 Homero
470 2623 559 2686 poeta
576 2613 705 2687 optimus
720 2612 843 2684 quisque
859 2611 940 2684 fecit,
957 2624 991 2670 ut
1007 2616 1065 2671 riri
1081 2616 1151 2673 sor·-¹

72 2700 178 2758 tissimi
197 2699 278 2755 luctu
295 2708 322 2755 et
338 2698 473 2774 lacrymis
491 2700 603 2754 animos
619 2697 779 2769 calamitate
793 2715 906 2772 pressos
913 2699 1054 2759 levarent.
1087 2704 1148 2761 Nee

74 2780 187 2847 eratin
204 2785 274 2854 boc,
298 2804 359 2860 quo
376 2786 480 2841 Graeci
497 2783 690 2852 offenderent,
712 2784 824 2858 quippe
838 2786 891 2859 qul
910 2803 926 2840 a
944 2796 1049 2843 natura
1066 2807 1147 2845 non·

75 2875 156 2943 dum¹
168 2872 323 2929 abalienati
338 2883 367 2929 et
383 2872 515 2940 abducti,
539 2869 677 2945 quicquid
693 2867 761 2924 huic
778 2880 1001 2927 consentaneum
1018 2885 1105 2946 emet,
1121 2885 1151 2932 et

76 2963 241 3016 humanum
258 2977 318 3014 esse
335 2968 363 3014 et
379 2970 492 3015 rectum
511 2965 667 3014 censerent.
701 2954 809 3028 injuste
822 2957 912 3029 igitur
921 2957 1035 3014 Tullius
1043 2961 1148 3037 Dispp.

77 3047 167 3112 Tusc-
184 3047 226 3114 11,
244 3063 286 3101 11.
305 3045 337 3099 in
352 3057 450 3119 poetas
465 3046 506 3101 ita
523 3043 686 3100 invehitur:
719 3042 869 3113 „Videsne
884 3053 985 3118 poetae
996 3048 1067 3119 quid
1080 3049 1151 3104 mali

78 3133 222 3203 afferant?
255 3130 456 3189 Lamentantes
473 3131 617 3186 inducunt
630 3129 802 3187 fortissimos
819 3130 912 3197 viros3
934 3131 1071 3190 molliunt
1087 3135 1153 3190 ani-
1237 3200 1240 3205 ,
1270 3168 1272 3175 ‹

78 3236 145 3276 mos
161 3225 295 3282 nostros5
310 3219 350 3274 ita
366 3229 433 3275 sunt
451 3217 551 3273 deinde
569 3216 681 3286 dulces,
699 3227 732 3271 ut
749 3234 810 3270 non
826 3214 960 3288 legantur
980 3217 1086 3286 modo,
1101 3214 1152 3277 se'd

81 3306 171 3363 etiam
189 3305 362 3360 ediscantur.
403 3304 451 3359 Sic
469 3304 505 3358 ad
521 3303 627 3358 malam
644 3302 830 3358 domesticam
847 3301 1027 3385 disciplinam
1046 3305 1154 3364 vitam..

80 3409 149 3468 qua.
166 3391 350 3447 umbratilem
380 3398 409 3445 et
432 3391 581 3451 delicatam
603 3408 697 3463 quum
725 3397 903 3443 accesserunt
927 3389 1011 3445 etiam
1035 3390 1155 3464 poetae,·
1186 3430 1192 3451 .

80 3476 191 3532 ner'voa
208 3493 308 3531 omnes
326 3477 443 3533 virtutis
460 3478 581 3534 elidunt.
614 3476 701 3532 Recte
716 3474 805 3548 igitur
821 3492 837 3530 a
854 3474 973 3529 Platone
990 3475 1156 3532 educuntur
1237 3500 1239 3507 ¹

83 3581 121 3619 ex
138 3580 172 3618 ea
188 3563 315 3631 civitate,
345 3580 433 3635 quam
450 3562 534 3618 finxit
549 3561 611 3628 ille,
640 3579 733 3634 quum
759 3574 855 3616 morea
878 3561 1003 3634 optimos
1029 3573 1056 3616 et
1073 3562 1156 3637 opti-

83 3667 169 3706 mum
198 3647 375 3724 reipublicae
401 3658 507 3704 statum
532 3649 721 3722 exquireret.“
771 3648 921 3703 Praeterea
942 3648 1055 3704 Tullius
1089 3650 1156 3705 istas

81 3737 209 3792 heroum
226 3732 443 3789 lamentationes
459 3734 553 3808 poetis
568 3735 734 3805 condonare
751 3732 888 3804 debebat,
912 3753 1003 3807 quum
1027 3733 1071 3790 bis
1087 3734 1157 3809 ipsis

84 3821 219 3897 personis
252 3818 477 3881 lamentantibus
508 3823 593 3878 etiem
622 3823 738 3876 virtutis
768 3814 899 3893 exempla
929 3819 1158 3893 splendidissima

85 3907 125 3965 ad
149 3907 340 3962 imitationem
362 3909 569 3981 spectatoribus
592 3908 805 3980 lectoribusque
824 3916 1002 3980 proponant.
1042 3906 1158 3962 Lessin.

86 3994 153 4067 gius
170 3990 190 4046 l.
209 3990 229 4045 l.
249 4002 278 4046 et
294 3993 462 4048 Ciceronem
479 3995 648 4067 perstringit
664 4004 693 4048 et
709 3993 863 4048 hodiernos
879 3991 1021 4063 homines,
1047 3993 1098 4066 qui
1116 3994 1160 4047 si-

88 4080 198 4138 militer
222 4078 422 4159 fortitudinem
439 4079 560 4135 nimiam
577 4080 596 4134 i.
616 4099 641 4134 e.
653 4079 857 4135 imbecillitate
873 4077 1001 4135 humana
1018 4081 1158 4150 mojorem

90 4184 109 4222 a
124 4165 256 4241 personia
268 4165 431 4239 tragoediae
443 4167 591 4242 primariis
605 4167 787 4241 expostulent
804 4166 897 4239 (Laoc.
914 4187 944 4242 p.
954 4168 1013 4237 176.
1031 4165 1075 4220 ed.
1084 4167 1127 4237 l.).
1236 4238 1239 4243 Ι
