2676 4756
642 273 775 351 ·-·-·4
821 304 949 337 -.....
1021 326 1027 333 .

227 463 401 562 jutrices,
426 473 570 537 constat
594 463 823 560 antiquitatis
839 432 1015 561 cognitio,
1040 489 1170 560 unum,
1197 468 1297 562 quod

47 656 50 665 ,
158 658 163 662 .
228 594 400 661 versatur
423 582 465 653 in
491 576 722 680 exponendis
746 584 856 656 rebus
882 585 1014 679 gestis,
1033 596 1137 657 statu
1162 585 1296 659 civita-

228 714 311 776 tum
336 712 376 773 et
400 711 559 774 externo
586 713 625 774 et
647 704 809 796 interno,
834 702 1078 799 geographia,
1104 704 1299 798 disciplina

156 892 158 896 ,
230 816 502 916 antiquitatum
526 824 680 894 nomine
703 822 841 916 insigni
848 847 860 916 3
892 821 1051 892 alterum
1076 822 1297 915 complecti-

231 951 295 1013 tur
320 948 535 1031 accuratam,
554 950 593 1011 et
615 952 811 1035 poetarum
827 951 865 1012 et
876 940 1187 1036 philosophorum
1203 964 1298 1035 per-

228 1058 500 1145 tractationem,
527 1083 611 1152 qua,
638 1058 825 1154 quomodo
849 1057 974 1153 poesis
1000 1068 1038 1129 et
1060 1057 1298 1152 philosophia

229 1186 317 1248 nata
342 1176 391 1246 sit
415 1187 454 1249 et
481 1200 700 1272 progressa,
735 1188 774 1249 et
798 1201 864 1248 cur
890 1178 944 1248 ita
967 1175 1106 1248 factum
1131 1178 1205 1267 sit,¹
1231 1201 1298 1247 ar-

215 1294 415 1391 ¹gumentis
447 1294 592 1367 idoneis
625 1295 845 1387 edoceatur,
879 1319 970 1391 qua,
1004 1294 1095 1390 quid
1127 1295 1168 1364 in
1191 1294 1298 1388 poesi

231 1414 374 1486 bonum
399 1423 438 1498 et
462 1413 633 1488 divinum
656 1415 716 1504 sit,
744 1413 834 1507 quid
857 1435 937 1483 non
961 1412 1028 1504 sit,
1055 1412 1298 1502 discernamr,

231 1556 324 1629 qua,
360 1530 449 1624 quid
474 1557 495 1602 a
519 1543 651 1603 nostra
672 1531 859 1603 sentiendi
881 1531 1028 1602 ratione
1052 1531 1093 1600 in
1116 1532 1299 1626 poematis

230 1650 391 1743 antiquis
423 1650 628 1746 discrepet,
655 1659 882 1745 exponatur,
916 1670 989 1744 qua
1019 1649 1179 1744 denique
1212 1645 1297 1719 effi-

230 1769 370 1857 ciatur,
394 1754 565 1840 ut'lectis
590 1769 711 1864 poetis
736 1770 870 1865 imago,
897 1768 1082 1859 omnibus,
1109 1779 1201 1862 quot
1213 1752 1299 1836 fieri

120 1908 128 1985 ¹.
229 1897 356 1982 potest
384 1889 550 1959 numeris
574 1889 756 1980 absoluta,
780 1864 905 1983 poesis
928 1884 1101 1985 vitaeque
1125 1887 1298 1979 antiquae

229 2006 362 2076 animis
387 2007 527 2077 nostris
551 2020 794 2101 proponatur.
843 2006 972 2083 Poetis
989 2015 1112 2076 autem
1128 2013 1299 2074 accurata

229 2134 267 2195 et
286 2122 484 2217 ingeniosa
504 2126 742 2218 pertractatio
768 2125 852 2218 plus
876 2124 966 2194 facit
990 2122 1037 2191 ad
1060 2122 1296 2216 perspicien-

34 2234 45 2245 ’
156 2250 159 2255 ’
229 2241 585 2333 danantiquitatem
598 2265 709 2334 quam
732 2241 1001 2336 philosophiae.
1050 2239 1097 2308 In
1110 2240 1180 2309 hac
1196 2239 1297 2308 enim

229 2368 341 2430 mens'
359 2356 523 2429 humana
548 2371 725 2454 operatur
748 2359 826 2431 sola
849 2370 889 2431 et
913 2358 1033 2430 soluta
1047 2382 1069 2427 a
1087 2359 1199 2427 rebus
1225 2381 1297 2427 ex-

228 2477 366 2572 temis;
390 2479 491 2548 illam
499 2477 531 2546 si
545 2478 774 2571 cognoveris,
787 2478 919 2548 eximo
933 2477 1086 2575 pe'ctore
1098 2475 1297 2568 profluen-

228 2607 319 2688 tem,
346 2606 447 2666 totus
472 2596 711 2690 antiquorum
734 2596 960 2689 populorum
985 2595 1148 2685 animus,
1173 2593 1296 2662 omnis

229 2714 417 2787 sentiendi
441 2714 548 2803 ratio,
574 2723 653 2783 tota
679 2713 840 2808 denique
864 2716 953 2803 vita,
979 2723 1023 2782 ut
1046 2710 1090 2783 fit
1114 2714 1154 2781 in
1172 2711 1296 2781 tabula

127 2886 132 2898 ,
227 2835 338 2928 picta,
364 2830 620 2927 aspicientium
645 2832 762 2901 oculis
787 2832 1056 2906 obversabitur·
1104 2831 1186 2899 Jam
1203 2854 1295 2939 vero

227 2953 338 3048 parti,
365 2974 476 3046 quam
491 2946 678 3043 superiori
690 2949 773 3020 loco
788 2953 991 3043 posuimus,
1011 2961 1206 3043 postquam
1221 2948 1297 3040 jam

227 3072 409 3164 proximis
434 3068 564 3139 nostro
589 3068 743 3138 saeculis
767 3069 1065 3140 multumstudii
1089 3090 1299 3161 operaeque

172 3275 177 3285 Ι
228 3199 423 3279 natarunt,
449 3210 611 3282 quorum
636 3170 963 3260 commentationes
990 3185 1144 3261 Graevii
1167 3198 1205 3256 et
1226 3186 1296 3255 Ja-

154 3386 158 3393 ,
217 3306 314 3376 'cobi
338 3306 525 3379 Gronovii
551 3305 755 3378 Thesauris
780 3306 934 3398 aliisque
968 3304 1137 3376 inlibris
1169 3306 1297 3374 conti-

88 3429 94 3451 '
229 3434 387 3516 nentur,
421 3435 549 3495 nostra
572 3427 806 3520 potissimum
831 3433 952 3494 aetate
974 3424 1198 3494 nostratium
1222 3422 1297 3491 ali-

230 3553 333 3637 quot,
359 3543 400 3613 in
418 3545 550 3640 quibus
565 3543 808 3635 Boeckhium,
825 3541 1087 3631 Niebuhrium,
1112 3540 1299 3611 Manner-

183 3683 186 3690 '
229 3669 322 3752 tum,
349 3660 550 3755 Wolfium,
575 3644 863 3752 Buttmannum,
887 3658 1095 3730 Uckertum
1119 3659 1298 3728 nomina-

229 3799 333 3868 mus,
364 3778 470 3850 libris
503 3782 612 3852 docte
645 3791 684 3852 et
714 3782 907 3876 ingeniose
932 3776 1146 3871 compositis
1176 3776 1298 3846 facem

229 3892 303 3966 late
328 3894 534 3991 fulgentem
559 3898 773 3971 attulerunt.
823 3897 956 3992 Neque
988 3896 1112 3965 minus
1145 3895 1299 3965 alterius

229 4012 444 4110 disciplinae
458 4016 639 4111 particula
651 4017 768 4110 prior,
787 4037 882 4113 quae
894 4014 1167 4111 philosophiam
1182 4035 1297 4105 grae-

228 4154 310 4205 cam
332 4136 603 4231 complectitur,
627 4135 687 4207 his
704 4135 939 4233 ¹temporibus
964 4157 987 4207 a
1011 4132 1296 4218 Tennemanno,
