2648 4756
458 274 987 385 -ιν-,τ

117 460 161 520 V
172 459 236 518 454.
268 453 304 518 ἓν
316 455 415 538 πόνοις
429 454 664 532 ἀδαμαντοδέτοις
680 484 716 498 -
732 451 833 528 taam
844 474 906 512 non
924 465 966 515 est
975 466 1125 520 structura

42 546 204 623 asyndeta,
227 543 276 600 sed
299 563 364 600 eam
386 562 468 599 casus
492 543 596 599 tertius
614 540 647 596 in
660 550 790 615 utroque
805 543 949 598 vocabulo
966 544 1053 604 habet
1068 567 1126 605 na-

42 647 162 701 turam,
186 649 274 706 quam
291 629 400 704 prioris
413 630 517 705 lingna
533 629 677 686 Senserita
692 646 759 684 casu
775 616 917 701 locativo,
939 630 1084 707 alterius
1074 655 1127 692 m-

42 720 231 779 atramentali
245 718 388 776 redderet.

117 822 156 886 V.
171 825 234 880 442.
267 824 354 894 μιχδς
367 821 417 896 yde
438 838 501 876 non
518 818 574 875 nisi
591 836 679 875 unam
696 818 848 877 notionem
864 821 1126 896 comprehendunt,

43 912 133 968 sicuti
151 909 290 965 vertimus
308 907 482 962 erdsehluclt
499 906 641 965 vocabulo
658 907 836 978 germanico,
855 927 930 981 quae
946 911 1029 964 notio
1048 912 1125 967 idem

45 998 114 1053 vult
135 996 208 1066 eibi,
231 994 310 1069 quod
334 997 484 1049 Tartarus.
528 991 651 1047 Ratione
676 993 862 1064 grammatica
878 991 973 1053 Ἀΐδας
995 999 1126 1070 positum

46 1094 104 1157 est,
122 1101 183 1157 quo
199 1099 262 1136 non
278 1078 473 1152 significatur,
490 1096 549 1133 esse
564 1088 659 1133 terrae
675 1079 814 1150 angulum
832 1079 903 1135 Orci
919 1091 1045 1153 partem.

117 1188 155 1244 V.
172 1185 236 1256 469.
269 1183 463 1292 interpungo.
467 1202 534 1239 cum
551 1180 805 1255 Reisigio.Comm.
819 1182 903 1238 Critt.
922 1185 960 1240 ad
977 1185 1051 1246 Oed.
1062 1187 1126 1251 Col.

46 1270 152 1349 paon.
168 1274 315 1329 πέπονθας
330 1266 405 1327 eluet
421 1265 501 1341 πῆμ’,
522 1265 689 1339 α’ποσφαλιὶς
707 1291 830 1362 φρινιον
828 1270 940 1327 Hiera.
1021 1275 1025 1287 ⁴

117 1373 156 1434 V.
172 1373 235 1474 472.
266 1371 371 1428 Verbis
394 1367 518 1443 σώμασιν
534 1366 659 1430 θὀιιιιι
682 1332 830 1426 mendum
838 1373 1049 1432 manifestum·
1039 1387 1125 1439 mest.

46 1462 117 1519 Duo
136 1477 221 1522 enim,
229 1457 349 1513 inventa
364 1456 441 1520 inter
457 1475 496 1512 se·
503 1457 607 1513 similia
628 1461 822 1514 numerantur
844 1470 872 1515 et
890 1460 946 1517 sibi
965 1464 1048 1536 quasi
1067 1483 1126 1540 op-

47 1544 218 1625 ponuntur,
239 1561 348 1611 unum,
374 1542 478 1615 quod
468 1544 607 1616 jumentis
621 1546 724 1619 jugum
740 1547 953 1603 Prometheus
943 1550 1127 1624 rmposuerit,
1231 1594 1234 1599 .

50 1635 192 1702 alterum,
215 1628 295 1703 quod
314 1629 450 1684 curribus
465 1648 554 1704 equos
573 1631 743 1705 alligaverit.
782 1634 848 1690 Jam
867 1635 980 1690 verosi
1002 1634 1126 1706 σώμασιν

48 1718 179 1782 θόνιιις
196 1715 323 1790 legitur,
353 1713 388 1770 de
410 1715 501 1771 altero
523 1717 641 1773 invento
659 1718 718 1773 dno
734 1719 958 1793 praedicantur,
982 1718 1017 1776 de
1032 1720 1125 1780 altero

48 1808 134 1869 nihil.
166 1805 235 1876 Quo
252 1801 304 1873 fit,
330 1810 366 1857 ut
379 1803 581 1859 membrorum
597 1804 776 1877 symmetria,
802 1805 850 1860 eui
868 1806 996 1865 multum
1011 1810 1127 1884 antiqui

48 1903 152 1973 poetae
166 1886 333 1959 indulgent,
355 1907 478 1964 prorsus
495 1889 678 1947 dissolvatur.
716 1890 794 1946 Τιιιιι
811 1911 882 1949 vero
900 1897 980 1967 qnod
997 1914 1030 1950 eo
1048 1914 1127 1954 eon-

49 1982 115 2041 silio
133 1993 222 2052 equos
238 1973 373 2029 curribus
388 1974 516 2048 alligasse
533 1974 616 2044 dicit,
633 1984 672 2030 ut
694 1974 848 2034 hominum
866 1981 1048 2055 corporibus
1058 2003 1128 2041 ma·
1222 2028 1224 2035 ,

50 2070 198 2124 ximorum
204 2079 329 2116 onerum
336 2060 527 2134 laborumque
534 2079 710 2117 successores
722 2063 834 2129 fierent,
852 2084 919 2120 cum
932 2069 1125 2141 appositione,

50 2176 113 2233 quo
132 2151 198 2226 equi
215 2167 320 2205 currus
336 2147 469 2207 vehentes
491 2146 637 2221 α’γοίλματα
653 2150 704 2220 τῆς
718 2147 907 2221 interluitur
922 2152 1018 2224 χλιδῆς
1041 2173 1125 2214 nun,

49 2242 212 2344 enpantnr,
228 2233 311 2290 nullo
328 2246 414 2309 pacto
432 2235 582 2306 congruit3
600 2245 703 2308 aptum
715 2245 811 2292 autem
828 2246 869 2291 eat
884 2255 996 2312 egregie
1004 2240 1125 2297 invento

48 2330 135 2408 prius
150 2330 279 2382 narrato.
310 2320 451 2376 Etenim
442 2331 586 2426 jumenta,
608 2339 683 2393 quae
704 2338 794 2378 onera
817 2321 943 2393 vehunt,
965 2345 1033 2382 vere
1056 2337 1127 2384 sunt

48 2421 186 2492 μεγίστων
200 2405 392 2483 μόχθημαςοιν
408 2405 585 2477 διάδοχοι’
547 2428 672 2479 οωμαοιν
684 2411 814 2478 θνητοῖς,
842 2427 905 2465 non
927 2423 1025 2471 autem
1045 2415 1126 2517 equi,

48 2504 136 2559 luxus
164 2504 344 2552 ornamenta.
395 2495 440 2549 Ac
470 2509 539 2548 sana
564 2503 605 2549 est
629 2495 722 2548 oratio
746 2504 775 2551 et
800 2494 884 2557 bene
902 2499 1071 2568 concinata,
1100 2500 1126 2557 ei

10 2592 29 2599 “
48 2591 86 2647 V.
95 2590 158 2659 472.
174 2578 340 2665 οῶμαοίν
314 2604 332 2656 7
356 2601 432 2639 οπως
450 2589 478 2634 et
494 2580 531 2636 V.
540 2576 636 2651 774.
618 2577 664 2652 αφ’
679 2577 758 2654 ἅρμα
774 2604 791 2638 r
790 2581 931 2656 'legitur
967 2587 1055 2658 Quod
1067 2607 1126 2661 po

47 2675 153 2736 sterius
175 2672 234 2740 jam
258 2668 371 2743 pridem
397 2666 515 2740 quidem
539 2666 709 2735 Turnebus,
741 2686 758 2723 a
781 2669 954 2726 Blomlieldo
979 2671 1125 2744 laudatus,

49 2759 240 2835 excogitavit,
268 2755 411 2811 abaonm
438 2760 550 2821 tamen,
579 2751 734 2811 immutata
760 2777 791 2812 τι
819 2756 980 2832 particula,
1011 2760 1046 2819 V.
1063 2762 1126 2833 472.

47 2847 201 2915 collocata.
228 2884 231 2888 -

117 2932 157 2989 V.
174 2931 237 2985 482.
270 2925 314 2982 De
337 2923 522 2990 somniorum
544 2931 609 2980 tum
629 2923 686 2981 fide
704 2933 768 2982 tum
797 2919 968 2987 infidelitate
990 2928 1126 2989 videatur

48 3019 139 3079 ovid.
156 3013 277 3073 Heroid.
292 3011 374 3080 XIX,
395 3015 455 3068 105.

222 3100 284 3156 Sub
301 3117 405 3153 aurora
423 3100 480 3170 jam
497 3097 670 3154 dormitante
686 3097 815 3156 lucerna.

117 3182 264 3265 Tempore
280 3205 340 3262 quo
357 3186 437 3242 cerni
452 3187 568 3241 somnia
585 3204 654 3241 vera
670 3185 773 3246 solent.
785 3197 814 3244 et
823 3188 914 3246 Hom.
926 3187 1031 3262 Odyss.
1045 3187 1127 3262 xlx,

47 3277 210 3347 560-567.

117 3365 154 3420 V.
172 3365 234 3436 627.
263 3354 380 3417 Bonam
391 3357 518 3431 Elmsleji
535 3359 731 3430 conjecturam
746 3363 778 3418 el
790 3355 884 3431 μῆχαρ
899 3360 1045 3435 amplexus
1059 3379 1125 3417 sum

47 3451 186 3521 (Rewiew
213 3448 248 3503 of
266 3446 420 3502 Blomfield
443 3445 666 3502 Prometheus'
656 3464 689 3500 m
710 3444 881 3519 Edinburgh
903 3448 1026 3506 Rewiew
1051 3452 1127 3504 1810.

47 3539 87 3592 N.
104 3534 233 3591 XXXIII.
252 3535 377 3608 p...236)
411 3508 565 3606 Vulgataln
582 3533 655 3588 bene
672 3524 810 3588 relutdvit
826 3532 971 3622 Reisigins
984 3533 1068 3593 Cena.
1082 3531 1126 3588 ed.
1203 3540 1213 3551 ⁸

46 3618 611 3694 Vell.1nEph.Jenens.1824'.p..24o
674 3612 682 3621 “

123 3708 159 3764 V.
176 3709 238 3777 748.
280 3706 324 3763 cf.
349 3724 423 3781 quae
446 3704 481 3762 de
502 3705 560 3761 hoc
580 3722 667 3760 versu
690 3702 835 3779 disputata
856 3713 966 3763 sunta
983 3701 1125 3769 Velclrero

46 3795 69 3852 ¹·
60 3794 239 3951 '‘IV‘373705.
257 3878 318 3951 776.
350 3878 475 3949 κριιοοον
491 3873 546 3952 7οἶρ
563 3873 680 3946 sicsine}
693 3878 810 3946 θανεῖν,

357 3963 377 4034 ἤ
393 3984 443 4022 τας
458 3961 570 4022 dudone
586 3963 691 4037 ηιιὲρας
706 3983 824 4034 παοχειν
839 3958 945 4020 ιιαιιιῖις.

48 4065 130 4122 Huic
144 4065 222 4122 Ionis
237 4062 359 4120 similem
375 4065 543 4127 sententiam
559 4065 708 4139 Antigona
724 4063 804 4138 apud
819 4059 998 4136 Sophoclem
1013 4059 1127 4134 profert

46 4154 122 4215 Ant.
139 4153 175 4211 V.
186 4152 365 4211 46ι-464.ι
