2676 4756
491 250 797 327 ἐ’-«7η

138 443 318 535 rioribus,
344 441 527 535 excutiat,
554 464 671 537 eaque
695 440 823 515 omnia
846 444 1077 539 argiunentis
1101 446 1214 523 certis

138 575 177 637 et
200 561 250 631 ad
272 561 508 657 probandum
530 560 677 633 idoneis
703 560 909 634 confirmet.
957 558 1083 661 Atque
1097 567 1130 638 si
1149 578 1211 639 ta-

136 683 184 755 lis
209 681 340 753 critica
363 680 410 751 ad
435 693 606 757 ueterum
630 682 815 776 carmina,
848 679 1033 773 imprimis
1057 682 1105 754 ad
1127 694 1211 757 tra-

135 800 288 897 goedias
311 822 462 895 graecas
486 800 711 897 applicatur,
744 801 786 872 in
812 798 946 895 quibus
971 802 1076 895 quasi
1098 800 1211 873 fasti-

135 922 239 1015 gium
263 919 388 1015 poe'sis
413 920 600 1012 cernitur,
632 919 874 1016 intelligitur,
907 900 1087 1015 quantum
1120 919 1210 990 inde

134 1050 216 1111 tum
240 1037 289 1125 ad
313 1036 542 1132 tragicorum
565 1032 782 1137 poetarum,
815 1049 898 1111 tum
923 1038 971 1109 ad
993 1039 1111 1112 totius
1135 1062 1208 1108 an-

133 1156 316 1251 tiquitatis
354 1180 512 1253 graecae
547 1160 799 1257 cognitionem
838 1157 1028 1237 redundet
1066 1156 1206 1229 auxilii.

132 1275 217 1347 Jem
242 1296 336 1350 vero
359 1258 479 1370 quum
501 1278 584 1373 illa,
610 1304 722 1376 quam
736 1278 849 1354 modo
865 1276 1071 1373 significari
1085 1276 1206 1355 ratio-

132 1414 243 1484 nem,
274 1390 452 1490 Aeschyli
474 1376 743 1477 Prometheum
768 1388 940 1473 uinctum
970 1394 1208 1468 considerare

131 1522 182 1603 et,
207 1510 341 1583 sifieri
363 1516 517 1609 poterit,
541 1517 787 1599 illustrarem
800 1517 966 1589 animum
979 1513 1205 1603 induxerim,

129 1640 174 1703 ut
197 1654 262 1724 ne,
286 1630 352 1726 qui
378 1642 456 1705 tam
479 1635 619 1711 inflatis
643 1637 771 1713 buccis
787 1635 955 1728 ejusdem
978 1658 1114 1730 praeco
1139 1633 1205 1702 in-

128 1750 408 1847 terpretationis
445 1753 597 1835 criticae
630 1755 857 1846 exstiterim,
897 1755 940 1825 in
972 1751 1205 1847 arrogantiae

127 1868 382 1963 suspicionem
405 1870 600 1962 incidam„
620 1869 695 1943 hoc
727 1883 816 1945 ante
840 1872 965 1969 omnia
990 1882 1048 1944 est
1071 1871 1204 1942 dicen-

126 1989 247 2078 dum,
264 2009 327 2057 me
350 1987 690 2083 laboriproposito
716 1991 937 2063 satisfecisse
960 1990 1057 2063 mihi
1079 1990 1204 2086 ipsum
1243 2033 1246 2043 ·

128 2106 283 2181 minime
298 2105 438 2196 videri,
464 2105 628 2190 uoluisse
640 2118 766 2179 autem
789 2109 1120 2181 fundamentorum
1141 2105 1204 2199 ja-

126 2224 349 2299 ciendorum
374 2222 588 2317 exemplum
614 2222 986 2320 quantulumcunque
1011 2212 1203 2327 suffiatur,
1326 2218 1332 2232 ’

124 2344 263 2442 quibus
286 2332 310 2413 a
332 2340 640 2436 prudentioribus
664 2304 1202 2445 ingeniosioribusqdpii'a'edi-

123 2463 213 2535 ficia
225 2458 439 2554 hujusmodi
452 2458 580 2529 critica
597 2470 959 2555 superstruerentur.
1008 2442 1105 2531 Saus
1123 2458 1200 2553 igi-

123 2596 191 2657 tur
216 2580 373 2668 habebo,
398 2577 431 2647 si
456 2576 531 2653 viri
554 2575 689 2649 harum
713 2602 844 2659 rerum
869 2579 983 2673 periti
1001 2602 1154 2672 operam
1178 2601 1201 2648 a

123 2723 282 2775 menon
297 2720 453 2793 prorsus
468 2695 659 2767 incassum
674 2680 798 2767 datam
814 2720 896 2767 esse
914 2697 1171 2790 judicaverint.

224 2815 349 2891 Ausus
383 2836 487 2905 sum„
529 2812 835 2885 commentationi
867 2816 1018 2886 criticae
1060 2796 1199 2884 addere

121 2938 361 3021 tralationem
384 2928 633 3010 vernaculam.
682 2929 739 3003 Ac
764 2943 853 3005 sunt
877 2934 1077 3026 nonnulla,
1104 2955 1198 3027 quae

122 3061 165 3141 in
188 3056 264 3135 hoc
289 3053 485 3135 conamine
509 3076 625 3146 genas
650 3061 798 3121 nostras
822 3051 979 3146 pudoris
1005 3051 1197 3147 cujusdam

122 3178 263 3250 rubore
287 3173 513 3264 suffundent,
538 3174 675 3242 timore
696 3192 766 3240 nos
791 3170 984 3264 impleant,
1011 3182 1051 3243 et
1076 3195 1195 3243 excu-
1229 3241 1231 3245 .

122 3297 266 3375 satione
292 3292 582 3386 defensioneque
601 3312 828 3384 magnopere
852 3289 1022 3382 indigere
1036 3290 1196 3365 videan-

123 3393 218 3489 tur(
247 3411 320 3487 Est
344 3411 446 3483 enim
469 3408 628 3504 aliquid,
653 3405 848 3501 Aeschyli,
873 3418 1007 3501 poetae
1031 3408 1195 3479 maxime
1330 3487 1332 3490 Α

125 3512 379 3628 grandiloqui,
412 3529 641 3623 tragoediam
665 3526 1047 3623 praestantissimam,
1076 3524 1193 3597 intel-

123 3652 221 3725 lectu
245 3648 309 3721 hic
333 3647 409 3719 illic
434 3646 704 3739 difficillimam,
735 3647 940 3725 transferre
964 3646 1005 3715 in
1028 3645 1193 3740 linguam
1288 3733 1295 3745 ι

125 3767 383 3864 germaniam,
407 3790 587 3862 agraeos
600 3775 678 3843 tam
691 3762 891 3855 diversam,
915 3775 1034 3835 metra
1048 3785 1191 3857 graeca,

128 3888 287 3961 maxirna
310 3910 358 3957 ex
382 3897 490 3980 parte
515 3884 667 3957 auribus
698 3883 917 3976 germanicis
943 3882 1082 3972 aliena,
1116 3879 1190 3948 do·-

129 4007 278 4081 mestico
312 4026 485 4077 sermone
517 4004 748 4099 exprimere,
788 4015 830 4077 et
863 4002 966 4097 quod
1005 4019 1191 4071 summum

80 4106 86 4119 ⁸
134 4135 205 4218 est,
233 4135 340 4199 tauta
362 4126 508 4218 moliri,
553 4135 749 4221 postquam
783 4124 856 4206 viri
888 4120 1030 4220 ingenii
1061 4116 1190 4214 splen-
