2676 4756
539 247 835 385 -59·.*„

122 475 267 552 throno
291 476 452 573 dejicere
475 475 633 571 vellent,
667 488 711 551 ut
742 476 888 574 Jupiter
912 480 1112 575 imperium
1134 508 1204 557 ac·
1270 457 1272 463 ⁴
1331 523 1335 529 ·

126 599 291 692 ciperet,
331 597 394 669 alii
431 596 535 672 Jovis
571 597 808 698 tyrannidem
839 599 1100 696 repudiarent,
1140 603 1208 675 ille

123 702 291 811 primum
314 739 392 788 uua
410 739 495 789 cum
512 715 709 786 Titanibus
731 716 854 788 facere
870 716 1046 812 decrevit,
1069 721 1207 794 deinde

127 860 239 928 vero,
269 835 336 907 nbi
360 834 432 908 hos
457 830 614 907 consilio
642 859 711 908 suo
736 858 808 905 nec
831 834 986 909 idoneos
1012 862 1084 911 nec
1107 841 1205 912 faci-

92 953 182 1057 'les
207 977 289 1029 esse
312 952 558 1049 intelligeret,
594 953 642 1024 ad
674 964 798 1049 partes
824 954 914 1026 abiit
936 954 1060 1050 lovis,
1097 960 1207 1057 eique

128 1073 331 1167 persuasit,
359 1072 562 1146 Saturnum
589 1074 630 1145 in
654 1085 795 1145 tartara
820 1096 900 1145 esse
920 1075 1205 1153 detrudendum.

78 1282 80 1286 Α
127 1190 234 1262 Haec
259 1189 307 1261 de
332 1213 373 1262 se
389 1193 471 1288 ipse
486 1202 615 1263 narrat
639 1189 688 1268 V.
706 1211 936 1282 207-229.
987 1191 1076 1266 Non
1091 1197 1210 1292 igitur

126 1298 334 1383 immunem
353 1332 396 1396 ,α
428 1309 619 1390 seditionis
652 1309 950 1406 proditionisque
982 1312 1090 1409 culpa
1124 1341 1209 1391 sese

109 1428 311 1523 praebuit.
359 1424 483 1519 Tum,
509 1427 658 1523 generis
683 1424 839 1500 humani
863 1453 991 1503 amore
1017 1443 1055 1504 et
1084 1432 1207 1508 bene-

126 1545 295 1621 volentia
326 1557 455 1641 ceptus
488 1571 594 1618 suem
618 1545 724 1620 Jouis
750 1548 927 1642 opposuit
958 1548 1143 1625 voluntati
1168 1564 1210 1628 et

125 1667 181 1737 ita
207 1665 333 1761 ignem
366 1673 405 1735 et
433 1687 509 1735 nnn
534 1689 620 1737 cum
645 1687 691 1736 eo
716 1674 816 1740 artes
840 1667 961 1741 invito
987 1669 1053 1766 illo
1078 1656 1209 1742 homi-

126 1785 242 1857 nibus
267 1782 430 1857 tradidit.
482 1783 598 1876 Quod
622 1805 737 1880 quum
761 1784 816 1856 ita
840 1797 956 1878 esset,
982 1809 1060 1858 non
1085 1789 1209 1864 solum

128 1903 312 1994 Saturno,
339 1901 492 1973 donrino
513 1927 581 1975 suo
605 1902 758 1996 antiquo
775 1904 923 1994 nocuit,
949 1927 1083 1980 verum
1097 1907 1210 1982 etiam

129 2022 234 2114 lovi,
259 2019 365 2114 cujus
389 2021 472 2114 ipse
496 2004 726 2095 stibiliverat
750 2022 969 2119 imperium,
995 2047 1074 2094 non
1094 2025 1210 2097 obse·-

129 2140 315 2215 cunduvit.
364 2138 450 2231 Qua
475 2138 522 2209 de
548 2162 657 2209 causa
672 2139 818 2233 Jupiter
840 2139 957 2212 iratus
982 2164 1069 2212 eum
1086 2166 1210 2236 poena
1264 2212 1267 2216 .

130 2259 256 2332 affecit
280 2258 367 2331 satis
393 2280 483 2328 sane
507 2256 667 2329 terribili
693 2281 736 2329 ac
761 2257 914 2329 crudeli.
965 2255 1091 2356 Atque
1112 2254 1218 2352 hanc

129 2378 277 2474 culpam
302 2376 481 2450 luendam
514 2399 595 2447 esse
627 2377 876 2469 Prometheo,
913 2379 1039 2452 verbis
1072 2382 1213 2473 apertis
1311 2396 1316 2402 ’

128 2498 357 2592 eloquuntur
391 2493 525 2564 Crates
557 2505 604 2603 et⁸
626 2495 696 2567 Bia
728 2495 775 2569 V.
804 2517 959 2587 7--11‡.
1017 2494 1211 2586 Vulcanus

128 2615 181 2691 V.
198 2615 257 2687 28.
277 2615 336 2687 50.
380 2609 628 2685 Prometheus
646 2610 693 2685 V.
715 2613 798 2683 125.
826 2615 931 2706 alibi,
957 2637 1080 2712 neque
1096 2615 1212 2710 igitur

129 2747 231 2828 erat,
256 2731 358 2830 quod
381 2731 484 2804 idem
507 2729 807 2845 V·,2²9‘“25²·
835 2731 991 2804 diceret:
1051 2799 1054 2810 ,

544 2885 661 2970 τοιαίδ’
682 2897 719 2978 ἐξ
743 2890 835 2989 ἐμοῦ

284 3009 308 3110 ὁ
330 3001 406 3090 ruia
429 3010 532 3090 erato
555 3004 734 3114 τύραννος
762 3006 990 3114 ὠφελημένος

284 3139 426 3209 κακαῖσι
450 3137 592 3214 ποιναῖς
617 3133 741 3213 ταΐςδέ
760 3124 799 3226 μ’
824 3128 1091 3233 sismusinum.

132 3307 260 3396 roscida
295 3315 398 3432 enim
429 3314 494 3387 illa
523 3328 602 3387 non
632 3338 776 3386 merces
803 3282 916 3386 erant
932 3314 1213 3409 beneficiorum,
1265 3321 1268 3327 '

130 3440 176 3512 in
191 3437 323 3513 Jovern
338 3435 575 3526 collatomnn,
602 3433 669 3507 sed
692 3456 815 3529 poena
840 3427 1072 3507 delictorum.
1086 3458 1101 3493 π
1124 3435 1213 3507 Huc

133 3556 296 3648 accedit,
323 3565 383 3625 ,ατ
415 3578 486 3650 per
517 3564 634 3627 totam
665 3552 747 3624 fere
779 3550 942 3624 fabulam
967 3554 1216 3627 Prometheus

134 3698 217 3750 non
237 3671 482 3767 intermittet,
509 3683 640 3743 contra
665 3673 823 3745 deorum
847 3673 1076 3767 principem,
1111 3684 1216 3773 cete·
1334 3694 1336 3705 ’

135 3816 277 3887 rosque
303 3791 413 3881 deos,
448 3814 542 3885 quos
568 3793 650 3887 ipse
673 3814 808 3886 magna
833 3801 1012 3886 exparte
1037 3791 1218 3884 dignitate

136 3924 178 3986 et
202 3909 420 3982 muneribus
445 3909 667 4003 donaverat,
696 3909 940 3986 vehementer
961 3909 1162 3983 vociferari
1181 3905 1227 3980 et'
1279 3905 1285 3913 ’

139 4027 388 4125 contumelias
414 4030 526 4101 minis
559 4031 696 4102 mixtas
728 4029 911 4124 proferre.
967 4027 1073 4101 Dicit
1105 4028 1217 4118 enim,

134 4151 245 4240 fore,
282 4159 327 4220 ut
356 4137 502 4244 Jupiter
520 4151 691 4224 vstultitiu
723 4148 901 4221 abductus
939 4146 1219 4220 matrimonium
