2676 4756
571 259 738 348 .--420
786 284 840 308 --Ἠ
910 306 978 314 .,

174 446 345 541 Namque
361 467 410 514 ne
424 444 498 515 duo
517 443 665 540 quidem
679 467 864 541 personae
880 444 926 514 ab
942 444 1051 517 initio
1067 446 1114 516 ad
1133 442 1249 519 finem
1296 437 1300 447 “

86 705 95 713 ’
172 697 232 752 coir
247 695 395 760 νιοιτέροιο,
413 684 503 759 μόνον
518 683 571 762 γιῖρ
589 685 738 752 σπουδάζει
751 685 785 744 ad
799 686 885 761 βοῖροο
902 692 1146 761 περιτιθὲνοιτοῖο
1162 711 1251 764 τιροο-

174 778 276 846 oirrotr,
301 775 417 848 α’ρχαῖον
441 775 513 830 εἶναι
536 780 638 846 ιιρίνοιν
659 782 737 831 τουτὶ
755 773 788 830 co*
806 781 901 848 μέρος,
919 776 1126 848 μεγαλοπρεπές
1148 796 1177 830 τι
1201 784 1253 832 καὶ

130 931 132 942 Ι
172 861 301 938 ἡρωικόν.
319 862 353 919 eo=
370 860 398 918 di
415 862 582 964 πανοῦργον,
600 866 798 932 νομψοπρεπέο
815 884 844 916 τε
862 869 908 919 καὶ
926 862 1141 936 γνωμολογιιιὸν,
1159 860 1250 917 α’λλό-

173 972 252 1020 τριον
268 948 318 1020 τῆς
332 944 517 1019 τραγῳὸιἀτ’
498 946 660 1020 ηγοῦμινοι.
697 946 783 1018 Quod
802 966 893 1019 quum
912 948 952 1002 ita
970 949 1020 1013 sit,
1045 951 1167 1014 majores
1191 966 1252 1000 no-

172 1037 313 1095 bilissimo
332 1033 382 1087 illo
399 1031 600 1105 τραγικώτατος
613 1034 670 1088 coir
688 1034 826 1114 ποιητοῖο,
855 1054 928 1107 quae
951 1035 1038 1088 verba
1060 1035 1149 1091 Arist.
1169 1035 1250 1090 Poet.

155 1124 249 1192 'Xlll‚
271 1144 312 1177 10.
335 1120 370 1174 de
391 1119 530 1192 Euripide
555 1119 636 1187 dicit,
661 1110 759 1173 laudes
784 1121 927 1174 contineri
951 1131 1184 1175 consentaneum
1182 1130 1252 1188 est,

173 1229 260 1284 quam
279 1226 331 1282 per
348 1205 437 1259 verba
454 1206 586 1278 proxime
604 1207 803 1279 praecedentia
828 1204 854 1261 ai
871 1214 918 1271 not
940 1228 974 1262 το
969 1205 1065 1261 cille
1082 1209 1121 1277 μή
1139 1206 1252 1262 οἰκονο-

172 1300 222 1371 μεῖ
237 1292 443 1366 interpretibus
462 1291 508 1360 (cf.
527 1294 628 1347 Herm.
648 1292 689 1346 ed.
708 1314 739 1367 p.
761 1294 830 1362 148.)
848 1292 934 1346 licere
953 1293 1114 1346 videbatur.
1151 1295 1250 1364 Atque

172 1383 249 1438 idem
272 1378 433 1434 sentiebant
454 1376 579 1451 Lessing.
600 1380 702 1433 Drama
726 1378 834 1432 Hamb.
852 1388 923 1432 tom.
943 1379 964 1433 Ι.
989 1398 1019 1436 ιι.
1037 1401 1080 1452 29·
1099 1392 1125 1435 ct
1144 1382 1249 1435 llllanso

140 1502 145 1514 ι
172 1467 417 1526 commentatione
438 1465 595 1531 macule
618 1465 743 1537 scripta,
772 1466 819 1518 cui
842 1465 944 1521 titulus
963 1476 1022 1522 est:
1056 1468 1142 1525 veser
1158 1471 1252 1538 einige

174 1546 449 1617 Verschiedenheiten'
461 1554 501 1609 in
525 1556 584 1606 dem
600 1553 787 1624 griechischen
805 1555 863 1604 und
885 1555 1033 1605 deutschen
1058 1554 1252 1622 Treuerspiele

171 1643 203 1696 in
219 1641 396 1710 Nachtraege
412 1659 447 1691 zu
464 1641 561 1693 Sulzer
580 1647 650 1712 tpm.
670 1637 705 1691 ll.
725 1656 755 1710 p.
774 1640 836 1706 247.
855 1647 926 1689 nota
943 1657 968 1708 9.
1004 1635 1038 1690 ln
1057 1638 1251 1709 quollllans07

170 1726 218 1780 nis
235 1719 321 1777 libro
330 1733 362 1775 ut
379 1717 497 1777 multa'
489 1723 680 1777 inveniuntur
698 1724 779 1776 utilia
796 1731 824 1775 et
841 1721 913 1776 bene
931 1723 1062 1794 cogitata,
1080 1734 1176 1778 tamen
1196 1742 1248 1777 re-

173 1807 414 1908 prehendendum
432 1818 481 1876 est,
500 1821 527 1863 et
537 1809 736 1882 Aeschylum
728 1827 758 1861 ιιι
777 1809 995 1881 comparatione
1012 1810 1141 1864 instituta
1163 1811 1253 1884 plane

96 1964 98 1968 ‚
169 1895 407 1972 praetermissum
425 1903 453 1948 et
474 1894 559 1967 longe
582 1894 710 1981 plurima
726 1895 760 1948 ad
780 1896 859 1950 illam
878 1894 1083 1949 conficiendam
1103 1896 1139 1949 ab
1159 1897 1253 1949 Euri-

170 1983 252 2058 pide,
269 1982 449 2054 tragicorum
465 1982 603 2038 ultimum
621 1982 718 2035 locum
734 1980 899 2047 obtinente,
925 1983 1047 2061 repetita
1065 1999 1132 2038 esse.
1156 1981 1251 2040 inter

170 2070 298 2125 Graecos
313 2068 442 2140 optimus
457 2077 485 2120 et
510 2067 750 2140 prudentissimus
768 2067 901 2140 Aeschyli
922 2088 1024 2124 censor
1049 2078 1109 2121 erat
1129 2055 1250 2122 Aristo-

169 2157 293 2231 phanes,
326 2152 376 2227 qui
401 2172 492 2225 quum
510 2153 597 2206 Ranis
619 2164 764 2207 certamen
788 2155 863 2207 inter
887 2173 954 2208 eum
977 2165 1004 2207 et
1022 2154 1191 2226 Euripidem
1211 2155 1248 2210 de

131 2237 134 2247 ’
169 2243 280 2299 throno
297 2238 410 2310 tragico
428 2237 460 2289 in
476 2237 602 2293 Tartaris
627 2238 785 2296 obtinendo
807 2239 944 2310 fingeret,
973 2249 1061 2314 quam
1086 2239 1168 2312 longe
1185 2241 1250 2295 Ae-

170 2327 260 2398 schyli
279 2335 306 2391 et
323 2323 525 2387 sublimitatem
544 2334 571 2380 et
588 2325 800 2398 simplicitatem
811 2326 959 2399 Euripidis
976 2325 1134 2398 praeferret
1150 2329 1253 2383 tenui-

169 2414 240 2477 tati3
256 2411 411 2483 sapientiae
426 2409 611 2473 scholasticae
628 2406 741 2484 arthiue
758 2413 870 2470 fabulas
894 2412 1034 2485 implicite
1050 2413 1172 2466 uerendi
1185 2399 1250 2468 vdo«,

170 2507 306 2555 cumento
331 2495 544 2555 evidentissimo
558 2514 602 2556 ao
621 2496 855 2569 splendidissimo
881 2498 1093 2572 comprobavit.
1129 2500 1196 2570 Quo
1213 2501 1250 2556 de

172 2585 378 2649 conserantur,
406 2599 480 2651 quae
508 2581 666 2637 Velclrerns
691 2585 810 2659 praebet
831 2585 851 2638 l.
870 2585 889 2637 l.
909 2606 937 2658 p.
957 2589 1007 2641 525
1024 2603 1088 2657 sqq.
1132 2589 1250 2643 Aristo-

120 2690 122 2695 ·
152 2696 155 2703 ¹
170 2670 275 2746 phanis
290 2667 398 2740 judicio
413 2685 538 2739 prorsus
556 2672 735 2746 contrarium
753 2673 820 2727 facit
838 2671 1062 2741 Quinctilian'us,
1074 2668 1133 2744 'qui
1153 2677 1247 2735 instit.

171 2753 354 2814 Omisit-X.
375 2774 404 2827 p.
418 2768 467 2825 ⁴19·
486 2772 518 2813 ex
537 2756 578 2811 ed.
596 2755 663 2811 Ros:
683 2745 918 2830 Aeschylisaepe
940 2757 1072 2812 vitiosam
1091 2763 1247 2830 grandilo-

171 2841 321 2916 quentiatn
343 2840 507 2912 rudemque
534 2851 561 2896 et
583 2842 615 2896 in
639 2842 786 2917 plerisque
809 2845 1032 2916 incompositam
1053 2855 1145 2902 artam
1164 2868 1248 2904 com-

170 2925 352 3003 prehendens
375 2925 544 2998 Euripidis
547 2936 585 2987 et
599 2940 693 2985 'artem
717 2941 745 2987 et
768 2932 915 3004 ingenium
940 2930 1073 3017 laudibus
1098 2934 1133 2986 ad
1153 2935 1248 2991 coelos

171 3013 306 3080 aspllit..
323 3011 612 3083 Mirabamurvero‚
640 3018 671 3070 ni
695 3016 782 3072 homo
799 3019 945 3072 Romanus
977 3020 1165 3088 (erantenim
1183 3021 1247 3074 Ilo-

169 3101 252 3159 mani
271 3099 332 3157 ad
326 3098 436 3173 poesin
460 3108 488 3153 et
511 3095 723 3173 intelligendam
749 3115 776 3158 et
801 3104 969 3159 censendam
993 3107 1095 3177 pingui
1114 3106 1248 3163 Minoris

170 3171 271 3256 ιιοιι)ι
262 3201 349 3258 tsque
359 3184 473 3240 rhetor
481 3187 515 3242 de
527 3189 682 3245 cothurno
690 3191 971 3245 maximcsublimi
949 3209 1007 3259 eju
997 3193 1087 3246 modi
1106 3195 1248 3262 judicium

171 3273 248 3333 tulit.
282 3271 315 3326 ld
332 3282 429 3327 autern
446 3274 627 3328 stomachum
646 3287 754 3340 moret,
773 3278 851 3349 quod
870 3278 1010 3332 Ricardus
1028 3279 1217 3348 Porsonus,
1200 3283 1248 3336 sir

174 3357 283 3415 wiltun,
298 3356 430 3421 facultate
453 3367 481 3411 et
493 3376 613 3431 „ingenti
640 3363 756 3417 solertia
781 3365 904 3418 maxime
920 3365 1062 3437 pollens,
1092 3383 1247 3424 censuram

153 3445 326 3516 'utriusque
344 3455 443 3516 poetae
464 3444 533 3499 lacit
558 3447 746 3517 Quinctiliani
770 3451 958 3505 hariolatione
981 3471 1041 3506 non
1064 3452 1158 3506 multo
1181 3474 1248 3511 rue-

173 3524 287 3589 librem.
322 3534 349 3588 ls
366 3531 456 3602 igitur
474 3531 665 3605 Praelectione
682 3536 713 3590 iu
732 3537 900 3611 Euripidem
918 3538 1159 3594 Adversariurum
1179 3545 1248 3614 pah.

172 3619 341 3690 „Un'qnod
358 3618 460 3681 sentio,
475 3615 569 3683 libere
585 3619 707 3688 fatear,“
726 3624 830 3696 iuquit.
841 3624 920 3696 v„qui
938 3623 1111 3696 Aeschylum
1129 3621 1250 3699 Sopho,-

174 3705 212 3761 cli
227 3715 256 3760 et
272 3704 406 3777 Euripidi
424 3704 606 3776 praeferunt,
623 3725 722 3768 errore
740 3710 911 3782 ignoscendo
929 3711 1059 3782 quidem,
1072 3713 1125 3769 >sed
1146 3732 1249 3771 erroro

173 3799 287 3863 ῐιιιιοιι,
304 3798 338 3843 ut
354 3788 431 3844 mihi.
444 3791 572 3859 videtur,
591 3791 757 3857 labuntur-f}
791 3806 819 3850 et
835 3818 868 3869 ρ.·
887 3817 914 3868 7.
945 3797 1061 3868 „Major
1085 3809 1170 3871 poeta
1188 3815 1249 3857 esse

174 3878 270 3950 potuit
284 3875 456 3951 Aeschylus,
479 3878 528 3932 sed
546 3879 679 3936 meliores
694 3881 806 3941 fabulas
824 3882 947 3941 docuere
964 3883 1120 3956 Sophocles
1137 3896 1163 3941 et
1181 3887 1249 3947 Eu·

173 3961 323 4035 ospitem
352 3963 419 4018 Jam
434 3983 523 4032 uero,
550 3966 647 4038 quod,
673 3978 707 4033 ut
725 3987 818 4042 neque
836 3986 890 4024 nos
907 3970 946 4023 ita
964 3988 1021 4025 esse
1036 3989 1173 4042 negamus
1191 3991 1248 4028 nec

171 4050 329 4124 quisquam
343 4051 408 4121 jure
424 4069 529 4124 negare
546 4063 652 4126 potest,
677 4055 838 4130 Sophoclea
855 4055 1001 4126 tragoedia
1018 4058 1137 4130 politior
1156 4069 1199 4114 ast
1218 4070 1248 4115 et

10 4138 15 4153 ’·
110 4182 114 4186 .
171 4135 329 4211 perfectior
344 4155 440 4212 quant,
450 4137 620 4212 Aeschyleo,
646 4142 707 4214 ejus
728 4142 873 4223 rollenum
887 4161 951 4201 nou
967 4154 1030 4203 erat
1045 4146 1138 4219 majus
1154 4155 1183 4200 et
1197 4147 1246 4200 se-
