2676 4756
486 246 948 431 ¹·-·11-··

122 510 180 573 ter
192 502 390 594 ‘gratoque
410 488 452 565 in
475 500 667 565 mortuum
693 488 818 564 animo
833 494 837 499 '
853 487 1069 586 confiteor,'
1086 492 1191 569 Vos-

124 621 219 691 sium
245 624 284 688 et
316 613 382 685 ubi
414 611 539 708 lapsus
571 621 653 684 erat
686 621 725 682 ct
759 611 825 683 ubi
857 624 1003 684 rectum
1034 612 1192 709 viderat,

125 749 161 811 ct
192 742 449 857 expresserat,
482 729 578 801 mihi
609 728 809 804 utilitatem
831 731 1058 828 praebuisse
1107 731 1193 804 Ne-

126 877 195 953 que
220 852 323 965 eninr
345 861 423 923 tam
446 849 522 921 mei
546 872 673 921 arnans
696 847 773 942 fui,
806 860 868 942 ut,
902 872 1017 943 quum
1041 849 1107 922 illo
1132 875 1196 923 me

126 997 192 1047 nec
216 970 341 1066 aptius
365 992 437 1040 nec
460 968 635 1063 pulcrius
654 966 875 1063 quiddam'
863 968 1052 1041 invenisse
1075 969 1195 1041 intel-

127 1094 298 1188 Quem,
338 1083 529 1179 interdum
562 1098 602 1159 et
632 1086 811 1161 vocabula
842 1097 882 1158 et
912 1109 998 1174 raro
1031 1086 1194 1180 quidem,

126 1213 288 1306 integros
320 1219 446 1280 tamen
488 1204 569 1300 ejus
605 1227 738 1280 versus
778 1206 873 1280 meis
913 1205 1083 1277 inserere
1122 1205 1194 1279 dc-

129 1331 310 1427 dignarer.

217 1448 282 1521 De
304 1444 615 1539 interpretatione
638 1468 744 1539 mea,
779 1440 874 1517 haec
897 1464 1035 1539 pauca,
1075 1442 1196 1519 lector

126 1543 322 1656 benevole,
356 1561 504 1633 habeto.
570 1562 616 1633 ιι
648 1574 735 1663 apte
766 1562 895 1637 omnia
931 1561 1117 1656 aborsu,
1152 1576 1197 1640 ut

90 1725 92 1730 =
128 1709 234 1782 quam
267 1680 543 1753 accuratissime
575 1679 796 1776 germanicis
836 1702 969 1774 graeca
1002 1683 1196 1775 exprime-

125 1814 267 1875 rentur.
297 1787 556 1893 ''Quamquam
586 1798 660 1871 hoc
691 1798 734 1871 in
766 1800 892 1870 studio
926 1822 1197 1894 saepenumero

125 1921 286 1999 soluisse
317 1941 398 1989 non
429 1919 555 1989 minus
587 1917 787 1988 satisfaciat
816 1917 927 1989 nobis
959 1940 1115 1989 neccsse
1141 1932 1199 1995 est

123 2062 238 2135 quam
259 2038 437 2131 potuisse
488 2035 536 2106 In
559 2035 691 2131 metris
716 2034 920 2105 reddendis
945 2057 1024 2106 non
1047 2037 1198 2111 incuri-

122 2180 215 2229 osus
246 2154 321 2241 fui,
363 2142 520 2226 alienus
544 2163 670 2224 tamen
710 2151 757 2222 ab
798 2128 926 2222 inutili
962 2155 1197 2246 quorundam

121 2275 323 2370 religione,
349 2297 422 2368 qua
447 2293 638 2343 caesuram
663 2288 838 2359 caesurae
870 2269 1105 2362 respondere
1124 2272 1199 2347 de..

126 2394 219 2467 bere
243 2392 397 2462 ducunt.
449 2391 627 2462 Ceterum
658 2400 746 2458 raro
771 2387 960 2479 commisi,
1002 2394 1200 2467 utaersui

122 2511 338 2608 germanico
365 2508 540 2604 quiddam
564 2509 722 2597 inesset,
756 2505 818 2577 cui
851 2504 892 2575 iu
918 2529 1055 2600 graem
1084 2506 1200 2582 habi-

123 2641 205 2704 tare
235 2650 316 2699 nou
348 2627 491 2698 liceret.
540 2621 733 2698 'Consulto
772 2635 898 2695 autem
936 2625 984 2696 ab
1024 2629 1198 2722 exemplo
1232 2629 1236 2635 ’

125 2771 258 2846 graeco
273 2757 356 2818 tum
371 2739 520 2834 recessi,
547 2766 663 2839 quum
678 2741 839 2836 syllabae
862 2743 998 2836 longae
1013 2742 1201 2820 solutione

125 2877 289 2938 metrum
312 2863 517 2959 genuinum
542 2873 643 2935 certe
667 2862 818 2934 auribus
844 2861 1065 2958 germanicis
1089 2865 1202 2938 fasti-

127 2985 276 3057 diosum
298 2981 409 3053 reddi
433 2981 639 3063 videbatur.
690 2981 749 3054 Ita
772 2981 884 3052 etiam
916 2980 959 3050 in
990 2978 1209 3076 systematis
1311 3020 1314 3025 ⁴

125 3098 368 3196 anapaesticis
392 3121 549 3194 perraro
575 3100 730 3195 dactyli,
773 3100 864 3191 etsi,
905 3108 950 3170 ut
974 3111 1108 3175 notum
1133 3117 1203 3199 est,
1292 3130 1313 3181 ῃ

127 3246 151 3292 a
175 3218 331 3292 Graecis
356 3219 397 3289 in
421 3231 705 3313 anapaestornm
729 3217 854 3290 locum
876 3219 1091 3312 saepissime
1107 3224 1202 3294 sub-

128 3339 358 3429 stituuntur,
396 3339 548 3410 admissi
573 3348 681 3428 suut,
722 3359 773 3407 ne
797 3359 976 3406 numerus
999 3337 1203 3415 lectoribus

128 3454 366 3528 Germanicis
400 3457 544 3528 turbari
575 3455 779 3530 videretur.
837 3455 1019 3526 Prosodia
1040 3482 1208 3552 germis..

127 3576 213 3646 nica
237 3595 350 3645 curae
375 3573 481 3665 e'rat‚'
508 3573 668 3670 dedique
694 3597 864 3667 operam,
898 3584 942 3645 ut
967 3594 1078 3669 quam
1109 3601 1203 3650 san-

128 3691 293 3766 ctissime
314 3693 512 3794 ¹observata
536 3693 782 3765 inveniretur.
832 3691 887 3763 Ac
913 3693 1069 3788 syllabas
1094 3699 1203 3768 anci·
1309 3679 1316 3695 ⁸

128 3812 248 3909 pices,
275 3832 380 3906 quae
410 3811 639 3885 vertentium
671 3833 801 3882 cruces
834 3805 915 3882 esse
948 3813 1090 3907 solent,
1123 3838 1202 3889 non
1321 3825 1326 3838 '

129 3929 282 4026 quidem
310 3929 525 4000 Thierschii
549 3929 740 4023 exemplo,
777 3931 931 4003 Pindari
955 3934 1119 4004 carmina
1144 3935 1202 4006 ci-

128 4050 247 4124 vitate
278 4048 491 4144 germanica
522 4047 715 4139 donantis,
753 4066 866 4121 unam
905 4062 1050 4146 partem
1081 4053 1204 4127 ubivis
1252 4055 1255 4058 ⁴

127 4167 313 4263 produci,
340 4167 494 4241 alteram
519 4168 659 4264 corripi
683 4167 806 4262 solui,
840 4170 978 4267 quippe
1002 4172 1102 4266 quod
1127 4173 1203 4243 im-
