2676 4756
542 288 796 365 ...37-

122 476 276 552 crudeli
300 497 344 548 ac
368 485 464 551 tetra
479 471 601 548 'offici
627 540 631 547 ,
658 477 746 572 Quo
778 480 819 551 in
850 479 978 555 labore
1001 478 1204 573 Vulcanus,

124 621 249 694 quum
282 617 360 680 non
391 595 498 687 justa·
517 595 656 689 patrari
688 596 953 694 persentiscat,
985 610 1024 672 et
1055 600 1204 694 cognati

124 716 194 787 dei
217 712 432 786 calamitatis
455 711 696 808 niterentur,
723 715 853 789 dolore
877 714 1029 810 quidem
1051 717 1202 812 percel-

124 835 220 909 titur
244 843 284 904 et
306 829 601 904 misericordiam
625 830 828 928 significet,
851 845 977 907 tamen
991 834 1094 912 lovis
1117 834 1200 927 jus-

127 947 192 1025 sui
219 948 361 1025 inritus
396 958 436 1022 et
466 958 616 1021 coactus
649 951 887 1025 obsecundat.
942 949 1026 1025 lom
1056 954 1202 1027 etiumsi

126 1090 349 1168 persuasum
374 1075 474 1139 esset
504 1068 775 1162 spectatoribus
805 1093 914 1143 reum
937 1068 1041 1142 luere
1064 1071 1200 1164 justam

126 1210 306 1287 poenam,
331 1183 448 1258 nimis
470 1193 595 1261 tamen
613 1186 867 1285 apparitorum
883 1188 1099 1276 crudelitate
1113 1190 1200 1261 ani-

125 1307 182 1380 mi
204 1303 448 1378 mollirentur'
466 1314 506 1376 et
528 1301 755 1377 Prometheo
776 1307 1049 1402 quodammodo
1068 1308 1200 1381 conci·
1322 1317 1325 1331 ’

125 1426 322 1498 liarentur.
350 1459 354 1467 ·
380 1421 484 1512 Quid
514 1430 657 1512 autem,
700 1445 816 1517 quum
849 1422 1046 1518 accipitur,
1082 1448 1217 1519 quare-

124 1540 242 1617 tantis
265 1541 398 1636 poenis
421 1532 628 1615 affioiaun't
678 1537 798 1634 Quid,
826 1541 860 1614 si
880 1541 1082 1617 audiuntur
1097 1541 1197 1617 Vul-
1308 1568 1314 1579 ‘

126 1660 212 1751 cani
236 1659 352 1757 verba
358 1651 439 1755 (V.
450 1648 672 1751 att-56⁸)

93 1874 96 1878 ·
208 1818 368 1913 ,τοιαυτ’
392 1815 542 1963 οἷπηυριι
566 1853 637 1904 του
620 1817 930 1969 φιλανθρώπου
953 1819 1107 1927 τρόπου

148 2024 153 2033 ,
227 1938 316 2030 deoc
341 1939 442 2020 θεῶν
464 1935 536 2044 reip
560 1972 629 2087 ρυχ
651 1936 897 2048 ὑποπτήσσων
918 1939 1023 2041 χόλου

205 2067 395 2173 ’βροτοῖσι
417 2054 528 2159 τιμαῖς
554 2061 702 2148 ὤπασας
726 2067 821 2163 πέρα
846 2065 953 2164 διίιης.

226 2178 312 2261 sind
338 2176 389 2257 ατ
412 2174 553 2322 ἆτορπρ
537 2171 685 2282 ’τήνδε
699 2173 928 2324 ,pppvpp'oerc
951 2183 1090 2284 πέτρου

227 2290 527 2435 ὅρθοπαθρυ,”
501 2299 638 2383 αὕπυος
662 2327 708 2376 ου
731 2293 906 2441 soiperus
928 2290 1028 2395 γόου

227 2411 436 2525 πολλουςδ
459 2410 644 2556 ὀδυρμρυς
665 2419 726 2495 sei
748 2410 855 2514 γόους
878 2412 1099 2535 αἀοιφελρῖςι
1193 2429 1196 2433 ’
1228 2462 1231 2467 -

226 2522 385 2638 φθέγξαι.
434 2527 522 2620 Arde
545 2529 616 2637 ριῖρ
641 2538 926 2638 δυσπαραίτητοι
951 2536 1091 2636 φρένες

132 2687 327 2785 Homines
337 2706 451 2803 igitur
472 2717 581 2797 sunt,
614 2730 773 2803 quorum
807 2728 923 2793 causa¹
940 2706 1022 2776 dira
1044 2703 1197 2800 patitur,

133 2827 309 2909 beneficia
340 2825 419 2919 ejus
450 2823 580 2923 generi
604 2823 771 2899 humano
796 2824 918 2898 oblata
942 2822 1084 2897 crimen
1099 2832 1198 2894 sunt

134 2949 191 3027 iu,¹
208 2956 403 3020 aeternum
437 2942 627 3016 luendum.
703 2944 824 3014 Porro
864 2965 938 3015 una
978 2954 1063 3013 curn
1104 2963 1196 3011 cru-

135 3068 226 3141 ciatu
263 3065 375 3136 etiam
413 3059 584 3134 ludibriis
624 3059 915 3134 circumvenitur
948 3069 986 3131 et
1025 3057 1194 3130 laeditur.

78 3156 83 3273 ζι
135 3181 262 3274 Audit,
296 3179 390 3251 silet.
438 3178 576 3252 Divina
601 3189 732 3249 natura
756 3178 950 3272 indignum
974 3188 1051 3267 est,
1084 3175 1195 3246 dolo·
1259 3246 1261 3250 ,

134 3323 209 3375 tem
234 3297 379 3373 ululatu
404 3291 631 3392 significare,
656 3295 802 3389 indigni
817 3291 1036 3385 carnuficcs,
1062 3266 1195 3387 quibus

134 3412 352 3516 respondeat
375 3414 500 3487 deus¹
513 3405 559 3508 ¹.)
622 3411 800 3503 Quanti
788 3435 828 3480 1n
853 3410 913 3480 his
940 3410 1048 3483 etad
1073 3411 1196 3480 admi-

134 3539 312 3650 rationem
338 3545 377 3608 et
400 3532 449 3604 ad
471 3530 763 3604 misericordiam
787 3524 1031 3625 impulsus!
1032 3525 1093 3608 At
1116 3549 1193 3645 non

146 3820 168 3855 ¹²
197 3798 243 3890 ⁸¹)
261 3817 344 3872 llanc
361 3812 561 3890 admirabilem
580 3822 681 3887 poetae
697 3821 788 3868 artem
806 3819 864 3865 tam
883 3824 943 3862 non
960 3805 1097 3862 intellexit
1116 3806 1196 3861 Fon-

78 3930 80 3937 ·
136 3912 215 3966 tanus
239 3903 274 3959 ad
298 3902 395 3960 Aesch.
418 3902 521 3974 Agam.
550 3920 582 3975 p.
601 3900 718 3968 XXIX„
749 3908 783 3952 ut
805 3893 970 3953 Promethei
993 3892 1139 3948 silentium
1162 3910 1196 3946 ex

137 4008 229 4061 more,
259 4007 293 4044 ex
316 4007 376 4062 quo
399 4007 460 4044 non
483 3986 538 4056 nisi
561 3985 618 4040 duo
646 3984 801 4040 histriones
818 4000 876 4037 une
893 3990 959 4037 ante
975 3976 1126 4052 Sophoclis
1146 3977 1195 4030 in-

141 4087 250 4132 ventum
274 4076 305 4129 in
332 4092 413 4130 scena
432 4082 562 4146 agerent,
587 4080 738 4144 repeteret.
772 4066 928 4138 Redarguit
950 4084 1015 4121 cunr
1039 4062 1194 4119 Velclerus

141 4162 189 4218 ll.
205 4184 234 4236 p.
251 4163 382 4235 117.118.
