2676 4756
472 287 863 378 '-·-54-³

198 521 282 573 esse
305 492 448 584 studet,
472 503 723 586 spectatorum
749 491 864 564 oculis
889 477 1069 562 humanas
1085 489 1276 589 producat

198 637 397 715 personas,
423 634 580 707 quarum
595 612 765 707 pondere
780 636 822 682 se
840 613 912 706 ipsi
925 612 1138 683 metiantur.
1188 610 1276 686 Jam

198 759 290 811 vero
316 734 349 804 si
372 733 561 827 utrimque
590 727 983 804 aliterconcinnatam
1008 724 1089 801 esse
1111 728 1280 801 Prome-

196 853 328 926 theum
359 851 525 925 animum
557 832 814 944 advertimus,
843 852 886 925 in
919 850 1016 922 tanti
1051 849 1282 921 discriminis

198 995 348 1044 causam
376 972 605 1066 investigare
638 971 822 1065 cogimur.
876 966 933 1042 Ao
964 968 1067 1066 quod
1096 989 1177 1038 non
1201 968 1284 1039 nisi

200 1090 291 1162 deos
322 1090 364 1160 in
388 1091 615 1162 Prometheo
650 1115 718 1164 sua
747 1090 944 1187 loquentes
974 1098 1085 1182 poeta
1115 1085 1207 1159 fecit
1240 1096 1284 1160 et

200 1203 439 1304 agentes,¹')
463 1209 504 1278 id
519 1233 568 1280 ex
593 1209 675 1303 ejus
699 1223 833 1311 nutura
857 1222 896 1282 et
911 1206 1092 1304 ingenio,
1116 1203 1165 1276 ad
1179 1215 1285 1279 astra

199 1330 385 1419 enitente,
409 1328 560 1423 ridetur
585 1330 834 1424 repetendum
860 1351 954 1399 esse.
1001 1325 1059 1398 Ea
1080 1325 1183 1395 enim
1201 1308 1286 1398 erat
1328 1339 1329 1342 ’

199 1444 377 1543 Aeschyli
400 1458 552 1540 natura,
577 1459 623 1519 ut
640 1430 896 1522 ‘vetustissima
913 1456 954 1518 et
967 1442 1144 1518 altissima
1159 1467 1284 1540 quae-

202 1589 277 1663 que
300 1567 462 1641 maxime
486 1546 693 1662 adamaret,
719 1593 814 1664 quae
836 1565 1049 1639 recentiora
1074 1574 1113 1636 et
1137 1564 1284 1645 extrita

168 1683 366 1787 „humana
390 1687 586 1784 desumpta
609 1699 735 1761 essent
756 1685 1020 1760 reformidaret
1040 1675 1114 1776 ²⁶)
1170 1682 1286 1757 Unde
1311 1703 1316 1716 ’

203 1805 465 1900 consequitur,
504 1831 566 1880 res
591 1808 738 1881 divinas
763 1808 801 1878 ei
823 1806 1009 1891 maximae
1029 1802 1149 1874 fuisse
1174 1801 1284 1875 dele-

203 1923 380 2018 ctationi,
421 1950 558 2021 easque
586 1928 791 2034 imprimis,
828 1949 924 2020 quae
954 1924 1003 1994 ad
1026 1921 1285 2015 antiquissima

191 2049 374 2137 tempora
396 2046 641 2139 pertinerent
701 2043 753 2118 At
778 2069 894 2141 quum
918 2064 998 2112 non
1021 2041 1055 2112 is
1081 2054 1181 2114 esset
1201 2041 1285 2119 Ae-

128 2257 131 2261 ·
203 2161 372 2263 schylus,
398 2166 549 2259 quires
575 2166 720 2240 divinus
744 2187 823 2235 non
838 2161 1041 2234 admodum
1055 2173 1186 2255 aptum
1201 2173 1287 2237 tra-

203 2281 423 2375 goediarum
448 2307 529 2354 esse
553 2295 836 2389 argumentum,
875 2280 954 2350 ullo
985 2279 1140 2352 modo
1126 2307 1287 2385 ignore-

89 2388 94 2398 ’
204 2407 284 2489 ret,
316 2400 391 2472 tale
423 2401 536 2498 elegit
565 2402 815 2493 Prometheo,
850 2399 953 2495 quod
983 2401 1151 2494 quamvis
1184 2402 1288 2477 divi-

204 2509 317 2610 num,
341 2531 420 2594 tam
443 2531 571 2592 tamen
596 2530 696 2592 esset
720 2545 807 2593 cum
830 2518 980 2590 rebus
967 2519 1143 2589 numanis
1165 2521 1288 2618 iisque
1321 2536 1325 2543 '

206 2636 432 2727 gravissimis
458 2640 720 2734 conjunctum,
749 2649 794 2712 ut
813 2637 1047 2710 audientium
1069 2658 1290 2714 nemonon

158 2772 161 2777 ·
206 2750 361 2828 deberet
384 2780 431 2830 eo
456 2760 697 2832 commoveri.

307 2871 366 2946 Ite
389 2887 514 2950 autem
539 2859 681 2968 effecit,
706 2888 751 2950 ut
759 2875 1014 2948 Prometheus
1026 2873 1153 2947 fabula
1164 2872 1287 2975 fieret,

120 2987 127 2998 “
207 3009 288 3063 non
313 2993 465 3086 quidem
487 2993 700 3090 popularis,
724 2996 793 3068 sed
818 2976 919 3092 quod
933 2994 1047 3088 longe
1060 2993 1213 3088 majoris
1233 3011 1290 3073 est

207 3106 408 3204 ponderis,
434 3138 529 3207 quae
552 3137 672 3208 genus
695 3115 904 3188 humanum
928 3135 1042 3184 omne
1055 3122 1239 3216 'tangeret
1253 3129 1291 3191 et

209 3227 316 3322 quasi
349 3231 661 3331 complecteretur
679 3226 755 3328 ²⁷).
820 3230 939 3328 Atqui
969 3254 1015 3304 co
1047 3230 1149 3327 ipso,
1186 3235 1291 3327 quod

152 3390 159 3405 ¹
209 3418 423 3448 Μ

279 3536 325 3608 ¹⁸)
342 3537 412 3595 Sola
428 3504 457 3598 el
472 3542 558 3599 unica
574 3539 763 3599 Prometheus
780 3550 824 3598 ut
838 3519 1004 3617 tragoedia,
1027 3542 1059 3598 in
1077 3559 1136 3616 qne
1152 3558 1217 3598 non
1234 3543 1292 3602 nisi

210 3620 252 3678 dii
268 3634 364 3696 egunt.
404 3626 439 3681 ln
463 3627 595 3696 relicuis,
617 3629 704 3683 utin
729 3628 811 3703 epico
835 3648 941 3702 genere
962 3630 988 3686 si
1013 3629 1054 3685 dii
1070 3629 1292 3704 producuntur,

210 3722 274 3762 non
297 3719 358 3768 tam
380 3729 432 3767 sua
461 3732 550 3786 quam
582 3714 706 3772 heroum
735 3735 819 3772 causa
847 3719 880 3772 in
903 3736 1019 3773 scenam
1048 3716 1293 3791 progrediuntur.

211 3791 312 3866 ltaque
334 3795 390 3852 hoc
415 3801 535 3857 nomine
558 3822 625 3859 cnm
643 3802 726 3857 nullo
743 3804 872 3859 carmine
890 3804 1018 3862 fabulam
1034 3813 1165 3860 nostram
1181 3803 1296 3861 lnben-

175 3936 191 3963 ο
210 3879 271 3934 tius
288 3899 507 3958 compararem,
529 3907 619 3963 quam
635 3908 704 3946 cum
722 3890 860 3947 Valmikii
877 3891 1046 3965 Ramajane·

280 3982 325 4059 ⁸³)
341 3986 442 4044 Perses
458 3991 597 4065 excipias,
622 3995 705 4067 cujus
721 3997 897 4070 exceptionis
914 4011 1008 4053 causa
1014 3998 1047 4054 in
1063 3993 1224 4072 propatulo
1240 4005 1296 4052 ests

226 4106 238 4133 ⁸
280 4088 328 4163 ⁸¹)
344 4091 433 4149 Haud
449 4094 580 4153 absimile
592 4096 736 4172 Eugemee
747 4100 925 4160 Goethianae
941 4111 984 4159 cet
998 4106 1214 4177 ergummtmn,
1234 4118 1296 4174 qua

326 4175 464 4252 docetur,
491 4202 590 4241 sexum
607 4186 780 4246 muliebrem
787 4189 894 4248 solum
920 4190 940 4247 i.
955 4207 980 4245 e
997 4207 1016 4246 a
1032 4187 1111 4245 virili
1127 4187 1293 4260 sejunctum
