2676 4756
504 176 1029 313 ἠε-ἓ.

216 440 256 504 et
274 423 508 528 exploratum
532 412 595 512 (V.
617 414 877 513 945-979.).
926 419 1009 500 Jam
1026 444 1117 495 vero
1135 438 1293 516 apparet

216 541 449 629 Mercurius,
476 538 604 611 aJove
618 539 775 630 missus,
803 563 897 633 quae
912 540 1159 613 Prometheus
1183 544 1292 613 clan-
1321 632 1327 636 .

215 663 360 738 destina
383 657 615 729 mussitasset
638 682 855 749 excussum,
883 684 976 753 quae
1003 672 1201 754 postquam
1226 664 1292 734 in-

57 776 66 801 '
123 798 126 802 “
215 804 361 857 cassum
388 775 707 870 expostulaverat,
732 780 874 849 aoerbis
898 805 983 850 cum
1008 782 1129 852 verbis
1154 781 1198 850 ab
1224 783 1292 854 illo

213 899 414 993 respuitur.
468 896 639 967 Tandem
661 897 933 968 crudelissimas
949 921 1088 990 poenas
1113 901 1292 996 minatur,

142 1096 145 1115 1
199 1022 249 1101 -si
262 1013 508 1090 Prometheus
525 1014 752 1089 clandestina
770 1016 881 1087 edere
899 1017 1161 1109 nolit,addit‚
1187 1020 1292 1091 hune

102 1132 105 1143 ’
187 1204 189 1207 .
212 1163 311 1237 vana
325 1159 403 1206 non
422 1135 662 1228 promittere,
689 1146 787 1207 stare
801 1145 931 1206 autem·
942 1139 1137 1228 promissis
1152 1141 1290 1213 certis-

214 1259 317 1335 sime.
347 1254 430 1346 Qua
448 1254 617 1324 oratione
634 1265 844 1327 commotus
861 1262 898 1325 et
906 1261 1128 1348 perterritus
1140 1257 1291 1358 Chorus

214 1377 337 1447 denuo
354 1383 493 1463 monet,
510 1384 552 1442 ut
566 1373 813 1453 Prometheus
827 1398 867 1444 se
882 1375 1023 1445 rictum
1039 1375 1103 1447 det
1113 1376 1291 1470 levisque
1313 1398 1315 1402 ’

183 1511 185 1514 ⁴
211 1493 334 1590 jussui
357 1492 585 1583 obseeundet
613 1486 674 1585 (V.
696 1487 979 1585 980--1075.).
1031 1493 1183 1574 lavero
1210 1518 1290 1566 non

47 1656 54 1663 -
119 1700 124 1707 ⁵
212 1613 315 1686 flexo
339 1611 462 1681 animo
487 1613 713 1704 respondet,
737 1634 808 1702 per
831 1636 871 1681 se
891 1612 976 1685 Jovi
996 1613 1129 1702 licere,
1163 1613 1290 1682 facere

214 1726 456 1826 q'uaecunque
472 1729 608 1822 lubeat,
635 1753 767 1801 senon
783 1753 922 1822 poenas
938 1731 1016 1800 eius
1033 1731 1192 1800 horrere
1210 1753 1289 1800 uon

212 1860 363 1940 tartara,
372 1859 473 1920 certe
488 1873 529 1920 se
546 1861 668 1921 morte
683 1847 830 1919 afficere
844 1872 922 1918 non
936 1849 1086 1948 inlotis
1102 1860 1288 1942 potestate

211 1970 325 2039 situm
350 1982 441 2038 esse'
495 1968 663 2040 Chorum
688 1969 802 2061 igitur
828 1967 1047 2038 adhortatur
1062 1968 1287 2059 Mercurius,

210 2098 255 2192 ut
271 2088 311 2156 in
328 2097 452 2156 tutum
470 2111 511 2156 se
524 2089 690 2180 recipiat.
726 2084 777 2156 At
790 2087 850 2158 vel
867 2087 972 2157 abeo
988 2087 1081 2156 illud
1098 2089 1286 2157 monitum

64 2244 82 2304 3
209 2205 448 2297 repudiatur,
474 2206 612 2298 quippe
637 2206 702 2298 qui
724 2202 990 2275 Prometheum
1015 2204 1173 2272 amicum
1194 2204 1293 2276 nolit

208 2322 434 2415 relinquere.
485 2324 618 2395 Statim
644 2322 739 2392 coeli
767 2322 934 2415 fragores
960 2320 1290 2411 audiuntur,·‚sul-

209 2440 315 2511 mina
331 2438 537 2530 jaciuntur,
564 2440 750 2532 procellae
774 2452 1037 2533 prorumpunt,
1064 2452 1166 2512 terra
1191 2464 1288 2510 con-

197 2543 402 2647 'tremisoit
411 2569 532 2656 atque
546 2557 793 2654 Prometheus
809 2557 1002 2643 inOrcum
1018 2560 1188 2631 incidens
1202 2585 1289 2639 ma-

30 2717 33 2721 —
81 2739 86 2769 ,
159 2715 177 2724 -·
205 2684 305 2747 trem
321 2699 425 2753 suam
442 2686 479 2747 et
495 2676 685 2749 aetherem
702 2676 749 2746 de
762 2676 898 2767 injuria
911 2701 934 2747 a
949 2676 1041 2753 Jove
1058 2678 1130 2750 sibi
1144 2679 1289 2750 inflicta

205 2803 413 2871 antestatus
439 2788 505 2896 (V.
523 2787 828 2890 1076-1129.).
846 2823 848 2827 ¹
