2676 4756
567 280 825 362 ...67η

118 470 339 574 ‚proscndi
354 468 433 567 fini
457 468 520 546 dei
537 469 707 577 principi
730 471 864 564 nacci,
889 470 1082 551 chranno
1100 476 1236 577 acqui-

133 589 231 664 sito
261 592 291 664 ii
321 592 550 688 regnorcoll’
574 592 684 689 ojnto
716 617 737 666 e
763 593 940 691 consiglio
964 593 1026 668 dei
1042 596 1115 694 piri
1140 599 1237 694 cavi,
1264 599 1271 624 ⁵

118 733 161 797 ,e
191 712 282 783 ccii
307 698 466 809 esenip*
485 708 533 783 di
547 711 744 784 Prcmcteo
758 710 816 812 sci
840 737 1053 804 conoscere,
1079 715 1119 788 in
1144 719 1239 814 qual

139 829 271 924 guiso
296 828 418 927 questi
440 828 539 925 dopo
563 828 595 901 il
607 828 725 922 felice
748 855 911 907 successo
927 832 1024 905 sierc
1039 835 1104 906 del
1114 861 1238 910 nuovo

142 951 325 1049 principe
348 946 632 1045 ricompensati,
670 973 692 1020 a
723 963 865 1046 quanto
895 952 1104 1048 acquistino
1135 956 1238 1027 della

142 1091 305 1166 pruove
335 1071 430 1145 dota
463 1067 506 1140 di
539 1079 673 1164 troppo
706 1066 972 1142 intendimento
1003 1097 1024 1146 e
1057 1072 1098 1143 di
1117 1057 1241 1169 pron-¹

150 1197 266 1263 tezra
298 1189 341 1262 di
373 1185 588 1286 capedienti.
652 1185 713 1258 Le
748 1189 853 1283 quali
877 1188 1052 1282 facoltd,
1095 1203 1238 1288 quanto

151 1329 247 1382 cono
271 1320 373 1382 state
397 1308 491 1380 utile
509 1306 553 1378 al
567 1303 744 1405 principe
765 1309 830 1379 nel
842 1309 982 1404 fervor
997 1309 1087 1381 dell'
1100 1307 1238 1408 affare,

152 1433 266 1502 tanto
289 1425 327 1501 si
349 1427 492 1500 rendcn
517 1419 679 1521 cospetto
709 1426 812 1498 nella
843 1428 979 1501 calma.
1030 1430 1139 1501 Onde
1163 1452 1239 1502 ou-

152 1526 379 1641 vienesche
404 1541 543 1632 Gicve,
574 1545 672 1648 dopo
696 1546 738 1618 la
769 1544 925 1618 rinscita
949 1545 1036 1618 dele
1061 1547 1237 1645 impreco,

153 1671 254 1765 tosto
279 1690 349 1738 con
367 1675 537 1762 protecto
561 1662 604 1734 di
628 1663 761 1735 delicto
785 1662 820 1735 si
833 1664 947 1759 toglie
963 1667 1150 1741 d’attornc
1166 1666 1238 1760 fclri

153 1803 230 1857 ora
246 1782 322 1881 pici
346 1782 389 1856 di
413 1783 470 1856 ini
493 1782 713 1874 benemerito
737 1780 844 1856 echa
863 1776 1099 1857 nontamenr'e
1117 1798 1239 1884 poten

153 1899 370 1977 discernere
394 1927 416 1976 e
438 1900 639 1998 giudicare
663 1903 750 1976 deli'
774 1926 845 2000 ope
863 1901 1016 1976 racione
1040 1905 1104 1974 del
1120 1903 1240 2001 prin-

154 2019 275 2118 cipe.“
345 2013 492 2098 Novam
532 2046 689 2118 eamque
728 2024 923 2096 meliorem
963 2023 1240 2118 interpretandi

152 2141 257 2214 viam
280 2142 442 2238 praeivit
464 2135 509 2211 Α.
530 2139 577 2232 G.
603 2141 831 2237 Schlegelius
855 2141 960 2212 libro,
978 2143 1125 2236 saepius
1150 2142 1237 2215 lau-

152 2251 245 2332 dato
269 2285 307 2357 p.
328 2259 412 2331 164.
435 2283 533 2354 sqq;‚
575 2259 681 2350 cujus
713 2259 868 2354 vestigia
899 2258 1073 2361 deiuceps
1104 2257 1239 2330 relicui

150 2389 386 2463 presserunt.
444 2375 692 2448 Bluemnerus
716 2375 848 2473 1111.-
874 2375 930 2447 14.
955 2400 1033 2472 sqq.
1062 2377 1236 2471 aliquan-
1282 2364 1284 2370 ¹

149 2495 278 2570 tulum
303 2522 325 2568 a
350 2495 535 2568 sententia
560 2495 813 2590 Schlegcliana
838 2495 1038 2586 recedens,
1073 2494 1235 2566 Prome-

106 2663 109 2666 ·
149 2605 246 2687 theo
272 2614 400 2686 doceri
431 2613 504 2683 sibi
535 2616 740 2707 persuasit,
776 2614 973 2686 homiuum
1005 2611 1181 2702 salutem,
1215 2635 1237 2682 a

151 2738 258 2806 statu
281 2757 412 2806 rerum
436 2742 611 2823 externo,
645 2755 666 2802 a
698 2731 797 2803 malo
832 2742 871 2806 et
902 2732 1047 2806 viribus
1080 2742 1237 2802 naturae

148 2851 314 2923 rudibus
334 2851 526 2922 interdum
543 2848 819 2943 impeditamet
842 2850 1087 2943 retardatam,
1110 2859 1237 2919 tamen
1295 2862 1298 2869 '
1332 2928 1336 2933 ,

147 2961 355 3064 &liquando
382 2969 587 3068 comparari
606 2968 882 3064 procrearique.
934 2967 1048 3061 Quod
1068 2936 1112 3038 do
1129 2990 1238 3037 com·
1319 3053 1320 3056 Ἴ

147 3089 321 3168 probare
359 3087 486 3159 studet
521 3087 583 3160 tir
616 3087 804 3180 egregius,
845 3088 948 3184 quod
980 3084 1180 3176 beneficia,
1214 3107 1237 3154 a

148 3185 383 3280 Prometheo
408 3204 541 3298 generi
564 3201 729 3275 humano
745 3205 838 3279 Jove
854 3207 974 3281 invito
992 3204 1132 3294 oblata,
1159 3201 1235 3272 du-

154 3322 261 3419 rent,
292 3340 515 3418 quamquam
539 3346 671 3397 eorum
695 3334 824 3394 auctor
847 3299 1004 3418 propter
1027 3344 1071 3392 ea
1095 3342 1237 3412 poenas

156 3423 247 3514 luat.
284 3438 356 3542 *A't
385 3464 478 3517 vero
512 3441 545 3512 si
575 3439 649 3512 hoc
672 3453 784 3538 poeta
808 3439 1018 3536 siguificare
1041 3436 1235 3528 voluisset,
1252 3496 1262 3519 .·

165 3551 202 3632 id
224 3561 293 3633 alia
316 3563 463 3634 ratione
489 3559 733 3654 expressisset
757 3583 873 3654 eaque
896 3559 1014 3653 magis
1038 3556 1235 3652 perspicua
1297 3591 1301 3599 ·

167 3686 200 3751 et
221 3661 529 3776 significantium,
564 3702 675 3773 quam
701 3668 766 3769 eo,
793 3678 894 3774 quod
917 3674 1100 3752 beneficia
1121 3674 1194 3743 ista
1211 3695 1235 3742 a

165 3795 251 3872 Jove
274 3800 464 3895 antiquata
489 3820 675 3872 essenon
698 3796 933 3870 dicerentur.'
987 3793 1087 3868 Nam
1117 3795 1233 3887 quum
1292 3873 1295 3877 ,

98 3931 102 3972 ³
136 4011 139 4015 ,
160 3904 315 4015 propter
336 3915 580 4010 multiplicem
605 3917 816 4009 argumenti
837 3915 1000 4010 speciem
1021 3910 1257 4006 tragoediae

98 4000 106 4091 d
156 4038 209 4110 ita
233 4047 467 4130 comparatae
491 4036 586 4127 siut,
612 4045 656 4106 ut
678 4033 773 4106 alius
797 4033 899 4108 aliud
922 4030 1031 4105 exiis
1049 4027 1233 4100 deducere

155 4157 288 4253 queat,
315 4166 405 4233 ante
428 4153 556 4227 omnia
579 4153 785 4226 tenendum
809 4162 886 4248 est,
918 4149 1028 4224 aliam
1052 4167 1234 4222 summam

984 4260 1081 4352 5¹5.
1245 4304 1324 4472 Ι
