<?xml version="1.0" encoding="UTF-8"?>
<!DOCTYPE html PUBLIC "-//W3C//DTD XHTML 1.0 Transitional//EN"
    "http://www.w3.org/TR/xhtml1/DTD/xhtml1-transitional.dtd">
<html xmlns="http://www.w3.org/1999/xhtml" xml:lang="en" lang="en">
 <head>
  <title>
</title>
<meta http-equiv="Content-Type" content="text/html;charset=utf-8" />
  <meta name='ocr-system' content='tesseract 3.04.00' />
  <meta name='ocr-capabilities' content='ocr_page ocr_carea ocr_par ocr_line ocrx_word'/>
</head>
<body>
  <div class='ocr_page' id='page_1' title='image "./commentatiodeae00toepgoog_0070.png"; bbox 0 0 2676 4756; ppageno 0'>
   <div class='ocr_carea' id='block_1_1' title="bbox 409 256 818 389">
    <p class='ocr_par' dir='ltr' id='par_1_1' title="bbox 409 256 818 389">
     <span class='ocr_line' id='line_1_1' title="bbox 409 256 818 389; baseline 0.005 -51"><span class='ocrx_word' id='word_1_1' title='bbox 409 298 435 333; x_wconf 80' lang='lat'><strong>·.</strong></span> <span class='ocrx_word' id='word_1_2' title='bbox 543 293 597 312; x_wconf 91' lang='lat'>····</span> <span class='ocrx_word' id='word_1_3' title='bbox 646 256 695 340; x_wconf 83' lang='lat'><strong>65</strong></span> <span class='ocrx_word' id='word_1_4' title='bbox 746 291 818 389; x_wconf 30' lang='grc' dir='ltr'><strong>*ο</strong></span> 
     </span>
    </p>
   </div>
   <div class='ocr_carea' id='block_1_2' title="bbox 106 449 1337 4227">
    <p class='ocr_par' dir='ltr' id='par_1_2' title="bbox 106 449 1337 4227">
     <span class='ocr_line' id='line_1_2' title="bbox 150 449 1205 561; baseline -0.009 -25"><span class='ocrx_word' id='word_1_5' title='bbox 150 459 313 561; x_wconf 83' lang='lat' dir='ltr'><strong>propensi</strong></span> <span class='ocrx_word' id='word_1_6' title='bbox 338 466 483 548; x_wconf 82' lang='lat' dir='ltr'><strong>essent,</strong></span> <span class='ocrx_word' id='word_1_7' title='bbox 510 450 714 526; x_wconf 86' lang='lat' dir='ltr'><strong>maledictis</strong></span> <span class='ocrx_word' id='word_1_8' title='bbox 737 449 1021 547; x_wconf 83' lang='lat' dir='ltr'><strong>perstringitur,</strong></span> <span class='ocrx_word' id='word_1_9' title='bbox 1053 451 1136 548; x_wconf 90' lang='lat' dir='ltr'><strong>ipse</strong></span> <span class='ocrx_word' id='word_1_10' title='bbox 1162 453 1205 527; x_wconf 91' lang='lat' dir='ltr'><strong>in</strong></span> 
     </span>
     <span class='ocr_line' id='line_1_3' title="bbox 152 570 1204 678; baseline -0.01 -23"><span class='ocrx_word' id='word_1_11' title='bbox 152 605 282 656; x_wconf 86' lang='lat' dir='ltr'><strong>scenam</strong></span> <span class='ocrx_word' id='word_1_12' title='bbox 305 599 383 648; x_wconf 90' lang='lat' dir='ltr'><strong>nou</strong></span> <span class='ocrx_word' id='word_1_13' title='bbox 404 572 599 673; x_wconf 80' lang='lat' dir='ltr'><strong>proditae</strong></span> <span class='ocrx_word' id='word_1_14' title='bbox 619 572 804 662; x_wconf 88' lang='lat' dir='ltr'><strong>nescitur,</strong></span> <span class='ocrx_word' id='word_1_15' title='bbox 827 570 1141 678; x_wconf 23' lang='lat' dir='ltr'><strong>&#39;quemadmodum</strong></span> <span class='ocrx_word' id='word_1_16' title='bbox 1162 573 1204 645; x_wconf 91' lang='lat' dir='ltr'><strong>in</strong></span> 
     </span>
     <span class='ocr_line' id='line_1_4' title="bbox 152 685 1254 795; baseline -0.008 -22"><span class='ocrx_word' id='word_1_17' title='bbox 152 701 246 773; x_wconf 86' lang='lat' dir='ltr'><strong>tertia</strong></span> <span class='ocrx_word' id='word_1_18' title='bbox 263 693 446 789; x_wconf 74' lang='lat' dir='ltr'><strong>trilogiae</strong></span> <span class='ocrx_word' id='word_1_19' title='bbox 454 702 563 791; x_wconf 87' lang='lat' dir='ltr'><strong>parte</strong></span> <span class='ocrx_word' id='word_1_20' title='bbox 584 712 667 761; x_wconf 89' lang='lat' dir='ltr'><strong>sese</strong></span> <span class='ocrx_word' id='word_1_21' title='bbox 688 689 856 785; x_wconf 87' lang='lat' dir='ltr'><strong>gesserit.</strong></span> <span class='ocrx_word' id='word_1_22' title='bbox 903 685 1093 792; x_wconf 78' lang='lat' dir='ltr'><strong>Anonymi</strong></span> <span class='ocrx_word' id='word_1_23' title='bbox 1111 715 1204 764; x_wconf 82' lang='lat' dir='ltr'><strong>sen·</strong></span> <span class='ocrx_word' id='word_1_24' title='bbox 1252 791 1254 795; x_wconf 70' lang='lat'>‚</span> 
     </span>
     <span class='ocr_line' id='line_1_5' title="bbox 150 806 1288 904; baseline -0.006 -13"><span class='ocrx_word' id='word_1_25' title='bbox 150 818 286 891; x_wconf 83' lang='lat' dir='ltr'><strong>tentiam</strong></span> <span class='ocrx_word' id='word_1_26' title='bbox 308 808 447 885; x_wconf 85' lang='lat' dir='ltr'><strong>refellit</strong></span> <span class='ocrx_word' id='word_1_27' title='bbox 462 806 669 883; x_wconf 87' lang='lat' dir='ltr'><strong>Velckerus</strong></span> <span class='ocrx_word' id='word_1_28' title='bbox 692 807 918 902; x_wconf 85' lang='lat' dir='ltr'><strong>argumentis</strong></span> <span class='ocrx_word' id='word_1_29' title='bbox 935 820 1041 879; x_wconf 91' lang='lat' dir='ltr'><strong>acute</strong></span> <span class='ocrx_word' id='word_1_30' title='bbox 1057 810 1206 904; x_wconf 90' lang='lat' dir='ltr'><strong>quidem</strong></span> <span class='ocrx_word' id='word_1_31' title='bbox 1242 875 1245 879; x_wconf 96' lang='lat'><strong>.</strong></span> <span class='ocrx_word' id='word_1_32' title='bbox 1285 863 1288 868; x_wconf 48' lang='lat'>=</span> 
     </span>
     <span class='ocr_line' id='line_1_6' title="bbox 153 925 1205 1032; baseline -0.004 -24"><span class='ocrx_word' id='word_1_33' title='bbox 153 931 367 1032; x_wconf 85' lang='lat' dir='ltr'><strong>excogitatis,</strong></span> <span class='ocrx_word' id='word_1_34' title='bbox 390 925 686 1026; x_wconf 88' lang='lat' dir='ltr'><strong>adprobandum</strong></span> <span class='ocrx_word' id='word_1_35' title='bbox 706 936 851 1023; x_wconf 87' lang='lat' dir='ltr'><strong>tamen,</strong></span> <span class='ocrx_word' id='word_1_36' title='bbox 876 936 921 1002; x_wconf 86' lang='lat' dir='ltr'><strong>ut</strong></span> <span class='ocrx_word' id='word_1_37' title='bbox 941 927 1110 1022; x_wconf 71' lang='lat' dir='ltr'><strong>udam,</strong></span> <span class='ocrx_word' id='word_1_38' title='bbox 1132 955 1205 1030; x_wconf 83' lang='lat' dir='ltr'><strong>pa·-</strong></span> 
     </span>
     <span class='ocr_line' id='line_1_7' title="bbox 111 1036 868 1128; baseline -0.013 0"><span class='ocrx_word' id='word_1_39' title='bbox 111 1040 114 1047; x_wconf 45' lang='grc'>’</span> <span class='ocrx_word' id='word_1_40' title='bbox 153 1075 220 1128; x_wconf 83' lang='lat' dir='ltr'><strong>rum</strong></span> <span class='ocrx_word' id='word_1_41' title='bbox 239 1049 397 1126; x_wconf 88' lang='lat' dir='ltr'><strong>idoneis.</strong></span> <span class='ocrx_word' id='word_1_42' title='bbox 866 1036 868 1043; x_wconf 60' lang='grc'>’</span> 
     </span>
     <span class='ocr_line' id='line_1_8' title="bbox 233 1153 1204 1267; baseline 0.001 -30"><span class='ocrx_word' id='word_1_43' title='bbox 233 1169 287 1243; x_wconf 89' lang='lat' dir='ltr'><strong>Ut</strong></span> <span class='ocrx_word' id='word_1_44' title='bbox 306 1175 418 1262; x_wconf 84' lang='lat' dir='ltr'><strong>poeta</strong></span> <span class='ocrx_word' id='word_1_45' title='bbox 437 1160 637 1267; x_wconf 81' lang='lat' dir='ltr'><strong>impietatis</strong></span> <span class='ocrx_word' id='word_1_46' title='bbox 668 1162 826 1238; x_wconf 89' lang='lat' dir='ltr'><strong>crimine</strong></span> <span class='ocrx_word' id='word_1_47' title='bbox 852 1175 1035 1263; x_wconf 87' lang='lat' dir='ltr'><strong>purgetur</strong></span> <span class='ocrx_word' id='word_1_48' title='bbox 1064 1153 1204 1265; x_wconf 87' lang='lat' dir='ltr'><strong>aliquid</strong></span> 
     </span>
     <span class='ocr_line' id='line_1_9' title="bbox 153 1277 1203 1385; baseline -0.002 -25"><span class='ocrx_word' id='word_1_49' title='bbox 153 1285 333 1385; x_wconf 86' lang='lat' dir='ltr'><strong>adjungere</strong></span> <span class='ocrx_word' id='word_1_50' title='bbox 345 1293 472 1355; x_wconf 84' lang='lat' dir='ltr'><strong>restat.</strong></span> <span class='ocrx_word' id='word_1_51' title='bbox 522 1281 693 1379; x_wconf 83' lang='lat' dir='ltr'><strong>Namque</strong></span> <span class='ocrx_word' id='word_1_52' title='bbox 715 1285 748 1355; x_wconf 90' lang='lat' dir='ltr'><strong>si</strong></span> <span class='ocrx_word' id='word_1_53' title='bbox 764 1277 904 1356; x_wconf 77' lang='lat' dir='ltr'><strong>dice&#39;ret</strong></span> <span class='ocrx_word' id='word_1_54' title='bbox 920 1287 1118 1383; x_wconf 81' lang='lat' dir='ltr'><strong>quispiam,</strong></span> <span class='ocrx_word' id='word_1_55' title='bbox 1144 1309 1203 1383; x_wconf 90' lang='lat' dir='ltr'><strong>eo,</strong></span> 
     </span>
     <span class='ocr_line' id='line_1_10' title="bbox 153 1401 1202 1502; baseline -0.003 -22"><span class='ocrx_word' id='word_1_56' title='bbox 153 1408 233 1502; x_wconf 88' lang='lat' dir='ltr'><strong>quod</strong></span> <span class='ocrx_word' id='word_1_57' title='bbox 265 1402 514 1480; x_wconf 87' lang='lat' dir='ltr'><strong>Prometheus</strong></span> <span class='ocrx_word' id='word_1_58' title='bbox 554 1401 798 1477; x_wconf 84' lang='lat' dir='ltr'><strong>vehementer</strong></span> <span class='ocrx_word' id='word_1_59' title='bbox 825 1401 921 1475; x_wconf 62' lang='lat' dir='ltr'><strong>..lovi</strong></span> <span class='ocrx_word' id='word_1_60' title='bbox 962 1405 1202 1500; x_wconf 79' lang='lat' dir='ltr'><strong>convicietur,</strong></span> 
     </span>
     <span class='ocr_line' id='line_1_11' title="bbox 106 1502 1308 1623; baseline 0.003 -30"><span class='ocrx_word' id='word_1_61' title='bbox 106 1561 108 1567; x_wconf 95' lang='lat'>·</span> <span class='ocrx_word' id='word_1_62' title='bbox 152 1521 216 1598; x_wconf 86' lang='lat' dir='ltr'><strong>fieri</strong></span> <span class='ocrx_word' id='word_1_63' title='bbox 234 1525 419 1622; x_wconf 83' lang='lat' dir='ltr'><strong>potuisse,</strong></span> <span class='ocrx_word' id='word_1_64' title='bbox 442 1534 487 1595; x_wconf 91' lang='lat' dir='ltr'><strong>ut</strong></span> <span class='ocrx_word' id='word_1_65' title='bbox 511 1531 736 1618; x_wconf 83' lang='lat' dir='ltr'><strong>spectatores</strong></span> <span class='ocrx_word' id='word_1_66' title='bbox 752 1519 899 1591; x_wconf 87' lang='lat' dir='ltr'><strong>fabulae</strong></span> <span class='ocrx_word' id='word_1_67' title='bbox 921 1522 968 1591; x_wconf 90' lang='lat' dir='ltr'><strong>ad</strong></span> <span class='ocrx_word' id='word_1_68' title='bbox 983 1502 1140 1623; x_wconf 80' lang='lat' dir='ltr'><strong>eandem</strong></span> <span class='ocrx_word' id='word_1_69' title='bbox 1161 1525 1202 1596; x_wconf 91' lang='lat' dir='ltr'><strong>in</strong></span> <span class='ocrx_word' id='word_1_70' title='bbox 1304 1544 1308 1551; x_wconf 78' lang='grc'>’</span> 
     </span>
     <span class='ocr_line' id='line_1_12' title="bbox 151 1634 1202 1739; baseline 0.002 -24"><span class='ocrx_word' id='word_1_71' title='bbox 151 1638 336 1716; x_wconf 77' lang='lat' dir='ltr'><strong>infortunio</strong></span> <span class='ocrx_word' id='word_1_72' title='bbox 356 1634 526 1736; x_wconf 72' lang='grc' dir='ltr'><strong>ἀσέβειαν</strong></span> <span class='ocrx_word' id='word_1_73' title='bbox 542 1639 833 1730; x_wconf 87' lang='lat' dir='ltr'><strong>adducerentur,</strong></span> <span class='ocrx_word' id='word_1_74' title='bbox 853 1639 966 1734; x_wconf 92' lang='lat' dir='ltr'><strong>idque</strong></span> <span class='ocrx_word' id='word_1_75' title='bbox 982 1641 1014 1711; x_wconf 90' lang='lat' dir='ltr'><strong>si</strong></span> <span class='ocrx_word' id='word_1_76' title='bbox 1028 1643 1090 1713; x_wconf 93' lang='lat' dir='ltr'><strong>ille</strong></span> <span class='ocrx_word' id='word_1_77' title='bbox 1104 1668 1202 1739; x_wconf 90' lang='lat' dir='ltr'><strong>poe-</strong></span> 
     </span>
     <span class='ocr_line' id='line_1_13' title="bbox 152 1754 1201 1857; baseline 0.004 -26"><span class='ocrx_word' id='word_1_78' title='bbox 152 1766 198 1831; x_wconf 82' lang='lat' dir='ltr'><strong>tae</strong></span> <span class='ocrx_word' id='word_1_79' title='bbox 222 1760 425 1856; x_wconf 84' lang='lat' dir='ltr'><strong>opprobrio</strong></span> <span class='ocrx_word' id='word_1_80' title='bbox 453 1765 633 1846; x_wconf 80' lang='lat' dir='ltr'><strong>verteret,</strong></span> <span class='ocrx_word' id='word_1_81' title='bbox 674 1754 818 1829; x_wconf 89' lang='lat' dir='ltr'><strong>animus</strong></span> <span class='ocrx_word' id='word_1_82' title='bbox 847 1758 1094 1832; x_wconf 80' lang='lat' dir='ltr'><strong>advertendus</strong></span> <span class='ocrx_word' id='word_1_83' title='bbox 1125 1772 1201 1857; x_wconf 88' lang='lat' dir='ltr'><strong>est,</strong></span> 
     </span>
     <span class='ocr_line' id='line_1_14' title="bbox 150 1858 1201 1973; baseline 0.006 -26"><span class='ocrx_word' id='word_1_84' title='bbox 150 1871 395 1961; x_wconf 86' lang='lat' dir='ltr'><strong>Prometheum</strong></span> <span class='ocrx_word' id='word_1_85' title='bbox 414 1878 529 1951; x_wconf 91' lang='lat' dir='ltr'><strong>fuisse</strong></span> <span class='ocrx_word' id='word_1_86' title='bbox 544 1877 674 1965; x_wconf 88' lang='lat' dir='ltr'><strong>deum,</strong></span> <span class='ocrx_word' id='word_1_87' title='bbox 697 1897 857 1973; x_wconf 87' lang='lat' dir='ltr'><strong>eumque</strong></span> <span class='ocrx_word' id='word_1_88' title='bbox 877 1875 961 1951; x_wconf 81' lang='lat' dir='ltr'><strong>Jovi</strong></span> <span class='ocrx_word' id='word_1_89' title='bbox 975 1858 1201 1953; x_wconf 87' lang='lat' dir='ltr'><strong>noniisderh</strong></span> 
     </span>
     <span class='ocr_line' id='line_1_15' title="bbox 152 1992 1202 2092; baseline 0.005 -27"><span class='ocrx_word' id='word_1_90' title='bbox 152 1996 262 2088; x_wconf 86' lang='lat' dir='ltr'><strong>quibus</strong></span> <span class='ocrx_word' id='word_1_91' title='bbox 294 1995 468 2069; x_wconf 90' lang='lat' dir='ltr'><strong>homines</strong></span> <span class='ocrx_word' id='word_1_92' title='bbox 499 1995 642 2090; x_wconf 87' lang='lat' dir='ltr'><strong>legibus</strong></span> <span class='ocrx_word' id='word_1_93' title='bbox 676 1993 906 2066; x_wconf 89' lang='lat' dir='ltr'><strong>obstrictum.</strong></span> <span class='ocrx_word' id='word_1_94' title='bbox 969 1992 1067 2067; x_wconf 86' lang='lat' dir='ltr'><strong>Nam</strong></span> <span class='ocrx_word' id='word_1_95' title='bbox 1100 1998 1202 2092; x_wconf 90' lang='lat' dir='ltr'><strong>quod</strong></span> 
     </span>
     <span class='ocr_line' id='line_1_16' title="bbox 150 2106 1200 2208; baseline 0.005 -25"><span class='ocrx_word' id='word_1_96' title='bbox 150 2106 339 2188; x_wconf 80' lang='lat' dir='ltr'><strong>Velckerus</strong></span> <span class='ocrx_word' id='word_1_97' title='bbox 362 2115 387 2186; x_wconf 89' lang='lat' dir='ltr'><strong>l.</strong></span> <span class='ocrx_word' id='word_1_98' title='bbox 403 2115 429 2186; x_wconf 87' lang='lat' dir='ltr'><strong>l.</strong></span> <span class='ocrx_word' id='word_1_99' title='bbox 461 2137 499 2208; x_wconf 87' lang='lat' dir='ltr'><strong>p.</strong></span> <span class='ocrx_word' id='word_1_100' title='bbox 517 2113 576 2203; x_wconf 87' lang='grc'><strong>69.</strong></span> <span class='ocrx_word' id='word_1_101' title='bbox 597 2136 675 2208; x_wconf 89' lang='lat' dir='ltr'><strong>sqq.</strong></span> <span class='ocrx_word' id='word_1_102' title='bbox 706 2114 902 2206; x_wconf 88' lang='lat' dir='ltr'><strong>proponit,</strong></span> <span class='ocrx_word' id='word_1_103' title='bbox 932 2112 1200 2188; x_wconf 89' lang='lat' dir='ltr'><strong>Prometheum</strong></span> 
     </span>
     <span class='ocr_line' id='line_1_17' title="bbox 151 2212 1283 2326; baseline 0.008 -27"><span class='ocrx_word' id='word_1_104' title='bbox 151 2247 210 2305; x_wconf 87' lang='lat' dir='ltr'><strong>non</strong></span> <span class='ocrx_word' id='word_1_105' title='bbox 238 2235 312 2305; x_wconf 93' lang='lat' dir='ltr'><strong>nisi</strong></span> <span class='ocrx_word' id='word_1_106' title='bbox 341 2232 480 2312; x_wconf 31' lang='lat' dir='ltr'><strong>fictum.</strong></span> <span class='ocrx_word' id='word_1_107' title='bbox 501 2231 778 2326; x_wconf 87' lang='lat' dir='ltr'><strong>cogitatumque</strong></span> <span class='ocrx_word' id='word_1_108' title='bbox 806 2230 922 2302; x_wconf 80' lang='lat' dir='ltr'><strong>fuisse</strong></span> <span class='ocrx_word' id='word_1_109' title='bbox 952 2230 1082 2325; x_wconf 91' lang='lat' dir='ltr'><strong>deum,</strong></span> <span class='ocrx_word' id='word_1_110' title='bbox 1120 2255 1201 2308; x_wconf 89' lang='lat' dir='ltr'><strong>non</strong></span> <span class='ocrx_word' id='word_1_111' title='bbox 1279 2212 1283 2216; x_wconf 30' lang='lat'><em>⁷</em></span> 
     </span>
     <span class='ocr_line' id='line_1_18' title="bbox 149 2336 1293 2475; baseline 0.007 -56"><span class='ocrx_word' id='word_1_112' title='bbox 149 2354 221 2443; x_wconf 83' lang='lat' dir='ltr'><strong>&#39;rcro</strong></span> <span class='ocrx_word' id='word_1_113' title='bbox 244 2377 267 2424; x_wconf 90' lang='lat' dir='ltr'><strong>a</strong></span> <span class='ocrx_word' id='word_1_114' title='bbox 291 2351 404 2475; x_wconf 71' lang='lat' dir='ltr'><strong>vulgo</strong></span> <span class='ocrx_word' id='word_1_115' title='bbox 425 2350 637 2443; x_wconf 88' lang='lat' dir='ltr'><strong>adoratum,</strong></span> <span class='ocrx_word' id='word_1_116' title='bbox 669 2351 845 2446; x_wconf 87' lang='lat' dir='ltr'><strong>quoniam</strong></span> <span class='ocrx_word' id='word_1_117' title='bbox 869 2349 968 2442; x_wconf 89' lang='lat' dir='ltr'><strong>apud</strong></span> <span class='ocrx_word' id='word_1_118' title='bbox 990 2350 1199 2428; x_wconf 87' lang='lat' dir='ltr'><strong>Luciauum</strong></span> <span class='ocrx_word' id='word_1_119' title='bbox 1288 2336 1293 2345; x_wconf 40' lang='lat'>⁸</span> 
     </span>
     <span class='ocr_line' id='line_1_19' title="bbox 142 2461 1260 2563; baseline 0.004 -23"><span class='ocrx_word' id='word_1_120' title='bbox 142 2461 253 2543; x_wconf 75' lang='lat' dir='ltr'><strong>Proin.</strong></span> <span class='ocrx_word' id='word_1_121' title='bbox 267 2468 373 2542; x_wconf 90' lang='lat' dir='ltr'><strong>XIV.</strong></span> <span class='ocrx_word' id='word_1_122' title='bbox 398 2477 593 2563; x_wconf 86' lang='lat' dir='ltr'><strong>queratur,</strong></span> <span class='ocrx_word' id='word_1_123' title='bbox 624 2468 695 2539; x_wconf 88' lang='lat' dir='ltr'><strong>sibi</strong></span> <span class='ocrx_word' id='word_1_124' title='bbox 716 2466 898 2561; x_wconf 90' lang='lat' dir='ltr'><strong>templum</strong></span> <span class='ocrx_word' id='word_1_125' title='bbox 919 2489 998 2538; x_wconf 90' lang='lat' dir='ltr'><strong>non</strong></span> <span class='ocrx_word' id='word_1_126' title='bbox 1018 2481 1135 2563; x_wconf 88' lang='lat' dir='ltr'><strong>stare,</strong></span> <span class='ocrx_word' id='word_1_127' title='bbox 1158 2471 1200 2548; x_wconf 89' lang='lat' dir='ltr'><strong>id</strong></span> <span class='ocrx_word' id='word_1_128' title='bbox 1255 2461 1260 2467; x_wconf 65' lang='grc'><strong>’</strong></span> 
     </span>
     <span class='ocr_line' id='line_1_20' title="bbox 149 2584 1335 2685; baseline 0.007 -31"><span class='ocrx_word' id='word_1_129' title='bbox 149 2600 250 2684; x_wconf 84' lang='lat' dir='ltr'><strong>neque</strong></span> <span class='ocrx_word' id='word_1_130' title='bbox 264 2587 313 2659; x_wconf 89' lang='lat' dir='ltr'><strong>ad</strong></span> <span class='ocrx_word' id='word_1_131' title='bbox 328 2584 490 2659; x_wconf 81' lang='lat' dir='ltr'><strong>fabulam</strong></span> <span class='ocrx_word' id='word_1_132' title='bbox 510 2595 677 2678; x_wconf 80' lang='lat' dir='ltr'><strong>nostram</strong></span> <span class='ocrx_word' id='word_1_133' title='bbox 697 2586 873 2680; x_wconf 87' lang='lat' dir='ltr'><strong>applicari</strong></span> <span class='ocrx_word' id='word_1_134' title='bbox 894 2597 1035 2681; x_wconf 86' lang='lat' dir='ltr'><strong>potest,</strong></span> <span class='ocrx_word' id='word_1_135' title='bbox 1061 2591 1200 2685; x_wconf 87' lang='lat' dir='ltr'><strong>quippe</strong></span> <span class='ocrx_word' id='word_1_136' title='bbox 1326 2666 1335 2673; x_wconf 23' lang='lat'><strong>‚¹</strong></span> 
     </span>
     <span class='ocr_line' id='line_1_21' title="bbox 147 2687 1197 2801; baseline 0.001 -24"><span class='ocrx_word' id='word_1_137' title='bbox 147 2697 265 2801; x_wconf 80' lang='lat' dir='ltr'><strong>inqua</strong></span> <span class='ocrx_word' id='word_1_138' title='bbox 285 2687 370 2800; x_wconf 84' lang='lat' dir='ltr'><strong>plus</strong></span> <span class='ocrx_word' id='word_1_139' title='bbox 394 2703 534 2776; x_wconf 89' lang='lat' dir='ltr'><strong>centies</strong></span> <span class='ocrx_word' id='word_1_140' title='bbox 552 2714 590 2774; x_wconf 91' lang='lat' dir='ltr'><strong>et</strong></span> <span class='ocrx_word' id='word_1_141' title='bbox 608 2703 698 2774; x_wconf 92' lang='lat' dir='ltr'><strong>deus</strong></span> <span class='ocrx_word' id='word_1_142' title='bbox 715 2714 871 2776; x_wconf 81' lang='lat' dir='ltr'><strong>vocetur</strong></span> <span class='ocrx_word' id='word_1_143' title='bbox 886 2713 924 2773; x_wconf 90' lang='lat' dir='ltr'><strong>et</strong></span> <span class='ocrx_word' id='word_1_144' title='bbox 941 2703 1019 2797; x_wconf 85' lang='lat' dir='ltr'><strong>ejus</strong></span> <span class='ocrx_word' id='word_1_145' title='bbox 1031 2707 1197 2778; x_wconf 89' lang='lat' dir='ltr'><strong>relicuo-</strong></span> 
     </span>
     <span class='ocr_line' id='line_1_22' title="bbox 146 2819 1298 2920; baseline -0.002 -24"><span class='ocrx_word' id='word_1_146' title='bbox 146 2835 287 2920; x_wconf 74' lang='lat' dir='ltr'><strong>rumque</strong></span> <span class='ocrx_word' id='word_1_147' title='bbox 309 2819 467 2895; x_wconf 79' lang='lat' dir='ltr'><strong>deorum</strong></span> <span class='ocrx_word' id='word_1_148' title='bbox 493 2819 648 2893; x_wconf 88' lang='lat' dir='ltr'><strong>affinitas</strong></span> <span class='ocrx_word' id='word_1_149' title='bbox 680 2832 1008 2917; x_wconf 86' lang='lat' dir='ltr'><strong>commemoretur,</strong></span> <span class='ocrx_word' id='word_1_150' title='bbox 1039 2847 1111 2896; x_wconf 87' lang='lat' dir='ltr'><strong>nec</strong></span> <span class='ocrx_word' id='word_1_151' title='bbox 1128 2847 1200 2920; x_wconf 85' lang='lat' dir='ltr'><strong>per</strong></span> <span class='ocrx_word' id='word_1_152' title='bbox 1296 2849 1298 2852; x_wconf 61' lang='grc'>’</span> 
     </span>
     <span class='ocr_line' id='line_1_23' title="bbox 147 2934 1200 3039; baseline 0.007 -31"><span class='ocrx_word' id='word_1_153' title='bbox 147 2955 177 3008; x_wconf 81' lang='lat' dir='ltr'><strong>ee</strong></span> <span class='ocrx_word' id='word_1_154' title='bbox 193 2951 398 3039; x_wconf 82' lang='lat' dir='ltr'><strong>¹spectatum</strong></span> <span class='ocrx_word' id='word_1_155' title='bbox 427 2964 560 3017; x_wconf 83' lang='lat' dir='ltr'><strong>rerum</strong></span> <span class='ocrx_word' id='word_1_156' title='bbox 591 2963 746 3037; x_wconf 86' lang='lat' dir='ltr'><strong>prorsus</strong></span> <span class='ocrx_word' id='word_1_157' title='bbox 779 2950 852 3034; x_wconf 90' lang='lat' dir='ltr'><strong>est,</strong></span> <span class='ocrx_word' id='word_1_158' title='bbox 886 2964 1003 3036; x_wconf 88' lang='lat' dir='ltr'><strong>quum</strong></span> <span class='ocrx_word' id='word_1_159' title='bbox 1034 2934 1146 3015; x_wconf 72' lang='lat' dir='ltr'><strong>etidm</strong></span> <span class='ocrx_word' id='word_1_160' title='bbox 1176 2965 1200 3014; x_wconf 83' lang='lat' dir='ltr'><strong>a</strong></span> 
     </span>
     <span class='ocr_line' id='line_1_24' title="bbox 146 3049 1199 3158; baseline 0.004 -31"><span class='ocrx_word' id='word_1_161' title='bbox 146 3051 311 3155; x_wconf 78' lang='lat' dir='ltr'><strong>Sophocle</strong></span> <span class='ocrx_word' id='word_1_162' title='bbox 334 3059 429 3134; x_wconf 88' lang='lat' dir='ltr'><strong>Oed.</strong></span> <span class='ocrx_word' id='word_1_163' title='bbox 447 3059 527 3131; x_wconf 82' lang='lat' dir='ltr'><strong>Col</strong></span> <span class='ocrx_word' id='word_1_164' title='bbox 542 3057 591 3133; x_wconf 93' lang='lat' dir='ltr'><strong>V.</strong></span> <span class='ocrx_word' id='word_1_165' title='bbox 608 3059 668 3131; x_wconf 85' lang='lat'><strong>55.</strong></span> <span class='ocrx_word' id='word_1_166' title='bbox 698 3051 789 3142; x_wconf 75' lang='grc' dir='ltr'><strong>θεὸς</strong></span> <span class='ocrx_word' id='word_1_167' title='bbox 813 3049 1005 3158; x_wconf 81' lang='grc' dir='ltr'><strong><em>πυρφόρος</em></strong></span> <span class='ocrx_word' id='word_1_168' title='bbox 1028 3059 1199 3155; x_wconf 82' lang='lat' dir='ltr'><strong>compel-</strong></span> 
     </span>
     <span class='ocr_line' id='line_1_25' title="bbox 137 3163 1198 3281; baseline 0.001 -30"><span class='ocrx_word' id='word_1_169' title='bbox 137 3163 242 3274; x_wconf 70' lang='lat' dir='ltr'><strong>letur,</strong></span> <span class='ocrx_word' id='word_1_170' title='bbox 265 3177 513 3275; x_wconf 86' lang='lat' dir='ltr'><strong>necdenique</strong></span> <span class='ocrx_word' id='word_1_171' title='bbox 527 3177 599 3248; x_wconf 85' lang='lat' dir='ltr'><strong>alio</strong></span> <span class='ocrx_word' id='word_1_172' title='bbox 617 3178 771 3248; x_wconf 84' lang='lat' dir='ltr'><strong>consilio</strong></span> <span class='ocrx_word' id='word_1_173' title='bbox 791 3177 1013 3281; x_wconf 65' lang='lat' dir='ltr'><strong>ayelckero</strong></span> <span class='ocrx_word' id='word_1_174' title='bbox 1033 3179 1198 3272; x_wconf 87' lang='lat' dir='ltr'><strong>positum</strong></span> 
     </span>
     <span class='ocr_line' id='line_1_26' title="bbox 106 3295 1258 3390; baseline 0.004 -27"><span class='ocrx_word' id='word_1_175' title='bbox 106 3322 109 3387; x_wconf 68' lang='lat' dir='ltr'><strong>p</strong></span> <span class='ocrx_word' id='word_1_176' title='bbox 145 3308 209 3367; x_wconf 78' lang='lat' dir='ltr'><strong>esse</strong></span> <span class='ocrx_word' id='word_1_177' title='bbox 227 3297 395 3387; x_wconf 76' lang='lat' dir='ltr'><strong>ridetur,</strong></span> <span class='ocrx_word' id='word_1_178' title='bbox 435 3319 545 3389; x_wconf 86' lang='lat' dir='ltr'><strong>quam</strong></span> <span class='ocrx_word' id='word_1_179' title='bbox 565 3305 614 3379; x_wconf 63' lang='lat' dir='ltr'><strong>utv</strong></span> <span class='ocrx_word' id='word_1_180' title='bbox 628 3295 841 3389; x_wconf 85' lang='lat' dir='ltr'><strong>inventum,</strong></span> <span class='ocrx_word' id='word_1_181' title='bbox 872 3295 1073 3390; x_wconf 76' lang='lat' dir='ltr'><strong>significari</strong></span> <span class='ocrx_word' id='word_1_182' title='bbox 1094 3296 1196 3368; x_wconf 81' lang='lat' dir='ltr'><strong>Pro·</strong></span> <span class='ocrx_word' id='word_1_183' title='bbox 1257 3339 1258 3342; x_wconf 61' lang='lat'><em>=</em></span> 
     </span>
     <span class='ocr_line' id='line_1_27' title="bbox 106 3410 1337 3515; baseline 0.005 -35"><span class='ocrx_word' id='word_1_184' title='bbox 106 3424 111 3515; x_wconf 68' lang='lat' dir='ltr'><strong>p</strong></span> <span class='ocrx_word' id='word_1_185' title='bbox 144 3413 267 3487; x_wconf 82' lang='lat' dir='ltr'><strong>methei</strong></span> <span class='ocrx_word' id='word_1_186' title='bbox 294 3435 457 3511; x_wconf 87' lang='lat' dir='ltr'><strong>persona</strong></span> <span class='ocrx_word' id='word_1_187' title='bbox 482 3410 647 3485; x_wconf 89' lang='lat' dir='ltr'><strong>mentem</strong></span> <span class='ocrx_word' id='word_1_188' title='bbox 675 3412 831 3484; x_wconf 89' lang='lat' dir='ltr'><strong>notione</strong></span> <span class='ocrx_word' id='word_1_189' title='bbox 855 3412 1030 3511; x_wconf 77' lang='lat' dir='ltr'><strong>absoluta</strong></span> <span class='ocrx_word' id='word_1_190' title='bbox 1048 3414 1195 3509; x_wconf 84' lang='lat' dir='ltr'><strong>cogita-</strong></span> <span class='ocrx_word' id='word_1_191' title='bbox 1332 3506 1337 3515; x_wconf 94' lang='lat'><strong>.</strong></span> 
     </span>
     <span class='ocr_line' id='line_1_28' title="bbox 106 3530 1194 3628; baseline -0.003 -23"><span class='ocrx_word' id='word_1_192' title='bbox 106 3548 109 3561; x_wconf 87' lang='lat'>&#39;</span> <span class='ocrx_word' id='word_1_193' title='bbox 141 3531 207 3605; x_wconf 77' lang='lat' dir='ltr'><strong>lum</strong></span> <span class='ocrx_word' id='word_1_194' title='bbox 244 3530 513 3628; x_wconf 85' lang='lat' dir='ltr'><strong>aliquantulum</strong></span> <span class='ocrx_word' id='word_1_195' title='bbox 552 3530 858 3625; x_wconf 87' lang='lat' dir='ltr'><strong>comprobaretur</strong></span> <span class='ocrx_word' id='word_1_196' title='bbox 892 3545 936 3603; x_wconf 79' lang='lat' dir='ltr'><strong>ac</strong></span> <span class='ocrx_word' id='word_1_197' title='bbox 972 3531 1194 3615; x_wconf 81' lang='lat' dir='ltr'><strong>muniretur.</strong></span> 
     </span>
     <span class='ocr_line' id='line_1_29' title="bbox 139 3640 1194 3745; baseline 0 -25"><span class='ocrx_word' id='word_1_198' title='bbox 139 3640 279 3725; x_wconf 80' lang='lat' dir='ltr'><strong>Accedit</strong></span> <span class='ocrx_word' id='word_1_199' title='bbox 297 3651 430 3742; x_wconf 88' lang='lat' dir='ltr'><strong>etiam,</strong></span> <span class='ocrx_word' id='word_1_200' title='bbox 453 3646 574 3744; x_wconf 90' lang='lat' dir='ltr'><strong>quod,</strong></span> <span class='ocrx_word' id='word_1_201' title='bbox 596 3658 642 3720; x_wconf 89' lang='lat' dir='ltr'><strong>ut</strong></span> <span class='ocrx_word' id='word_1_202' title='bbox 659 3647 736 3741; x_wconf 87' lang='lat' dir='ltr'><strong>jam</strong></span> <span class='ocrx_word' id='word_1_203' title='bbox 758 3673 872 3745; x_wconf 90' lang='lat' dir='ltr'><strong>supra</strong></span> <span class='ocrx_word' id='word_1_204' title='bbox 895 3650 1105 3745; x_wconf 84' lang='lat' dir='ltr'><strong>expositum</strong></span> <span class='ocrx_word' id='word_1_205' title='bbox 1126 3658 1194 3739; x_wconf 88' lang='lat' dir='ltr'><strong>est,</strong></span> 
     </span>
     <span class='ocr_line' id='line_1_30' title="bbox 136 3763 1193 3864; baseline -0.001 -24"><span class='ocrx_word' id='word_1_206' title='bbox 136 3763 171 3840; x_wconf 83' lang='lat' dir='ltr'><strong>in</strong></span> <span class='ocrx_word' id='word_1_207' title='bbox 202 3770 317 3843; x_wconf 86' lang='lat' dir='ltr'><strong>tertia</strong></span> <span class='ocrx_word' id='word_1_208' title='bbox 331 3779 335 3785; x_wconf 83' lang='lat'>&#39;</span> <span class='ocrx_word' id='word_1_209' title='bbox 351 3768 524 3864; x_wconf 81' lang='lat' dir='ltr'><strong>trilogiae</strong></span> <span class='ocrx_word' id='word_1_210' title='bbox 562 3776 670 3861; x_wconf 86' lang='lat' dir='ltr'><strong>parte</strong></span> <span class='ocrx_word' id='word_1_211' title='bbox 709 3766 802 3839; x_wconf 84' lang='lat' dir='ltr'><strong>deus</strong></span> <span class='ocrx_word' id='word_1_212' title='bbox 832 3765 982 3842; x_wconf 84' lang='lat' dir='ltr'><strong>rebellis</strong></span> <span class='ocrx_word' id='word_1_213' title='bbox 1015 3789 1193 3842; x_wconf 90' lang='lat' dir='ltr'><strong>eoronam</strong></span> 
     </span>
     <span class='ocr_line' id='line_1_31' title="bbox 128 3870 814 3983; baseline -0.015 -16"><span class='ocrx_word' id='word_1_214' title='bbox 128 3886 232 3967; x_wconf 73' lang='lat' dir='ltr'><strong>ittam</strong></span> <span class='ocrx_word' id='word_1_215' title='bbox 253 3870 486 3983; x_wconf 80' lang='lat' dir='ltr'><strong>captivorum</strong></span> <span class='ocrx_word' id='word_1_216' title='bbox 508 3907 640 3981; x_wconf 85' lang='lat' dir='ltr'><strong>gerere</strong></span> <span class='ocrx_word' id='word_1_217' title='bbox 658 3885 814 3980; x_wconf 88' lang='lat' dir='ltr'><strong>cogitur.</strong></span> 
     </span>
     <span class='ocr_line' id='line_1_32' title="bbox 225 3986 1192 4101; baseline -0.004 -23"><span class='ocrx_word' id='word_1_218' title='bbox 225 4004 426 4078; x_wconf 80' lang='lat' dir='ltr'><strong>corollarii</strong></span> <span class='ocrx_word' id='word_1_219' title='bbox 451 4005 537 4076; x_wconf 88' lang='lat' dir='ltr'><strong>loco</strong></span> <span class='ocrx_word' id='word_1_220' title='bbox 569 3986 782 4098; x_wconf 72' lang='lat' dir='ltr'><strong>adjiciatur,</strong></span> <span class='ocrx_word' id='word_1_221' title='bbox 818 4000 1085 4080; x_wconf 86' lang='lat' dir='ltr'><strong>Prometheum</strong></span> <span class='ocrx_word' id='word_1_222' title='bbox 1106 3999 1192 4101; x_wconf 30' lang='lat' dir='ltr'><strong>„Aess</strong></span> 
     </span>
     <span class='ocr_line' id='line_1_33' title="bbox 116 4119 1316 4227; baseline -0.013 -20"><span class='ocrx_word' id='word_1_223' title='bbox 116 4123 319 4227; x_wconf 76' lang='lat' dir='ltr'><strong>schyleum</strong></span> <span class='ocrx_word' id='word_1_224' title='bbox 353 4123 402 4200; x_wconf 90' lang='lat' dir='ltr'><strong>ad</strong></span> <span class='ocrx_word' id='word_1_225' title='bbox 431 4121 592 4221; x_wconf 83' lang='lat' dir='ltr'><strong>aliquam</strong></span> <span class='ocrx_word' id='word_1_226' title='bbox 622 4120 753 4199; x_wconf 87' lang='lat' dir='ltr'><strong>Fausti</strong></span> <span class='ocrx_word' id='word_1_227' title='bbox 781 4119 985 4198; x_wconf 89' lang='lat' dir='ltr'><strong>Goethiaui</strong></span> <span class='ocrx_word' id='word_1_228' title='bbox 1018 4121 1194 4198; x_wconf 84' lang='lat' dir='ltr'><strong>accedere</strong></span> <span class='ocrx_word' id='word_1_229' title='bbox 1314 4136 1316 4140; x_wconf 88' lang='grc'><em>·</em></span> 
     </span>
    </p>
   </div>
   <div class='ocr_carea' id='block_1_3' title="bbox 941 4247 1119 4328">
    <p class='ocr_par' dir='ltr' id='par_1_3' title="bbox 941 4247 1119 4328">
     <span class='ocr_line' id='line_1_34' title="bbox 941 4247 1119 4328; baseline 0 -6"><span class='ocrx_word' id='word_1_230' title='bbox 941 4247 1119 4328; x_wconf 83' lang='grc'><strong>,5.</strong></span> 
     </span>
    </p>
   </div>
   <div class='ocr_carea' id='block_1_4' title="bbox 0 0 1342 4756">
    <p class='ocr_par' dir='ltr' id='par_1_4' title="bbox 0 0 1342 4756">
     <span class='ocr_line' id='line_1_35' title="bbox 0 0 1342 4756; baseline 0 1"><span class='ocrx_word' id='word_1_231' title='bbox 0 0 1342 4756; x_wconf 95' lang='lat' dir='ltr'><strong> </strong></span> 
     </span>
    </p>
   </div>
  </div>
 </body>
</html>
