2676 4756
465 286 801 362 .-23....

132 474 425 576 Aeschylearum
450 470 660 570 οἰκονομία,
684 472 823 568 duplex
847 482 905 546 est
920 495 1029 546 causa
1042 487 1080 549 et
1094 477 1212 574 origo,

133 597 275 671 una-in
294 595 419 690 poesis
441 595 574 667 intima
590 605 743 685 natura,
769 592 885 665 altera
908 592 949 663 iu
972 595 1096 688 poesia
1118 596 1211 709 dra-

129 717 290 811 maticae
314 714 413 808 apud
437 712 601 784 Graecos
626 714 771 808 origine
793 713 872 783 sita.
923 710 1021 784 Nam
1045 715 1144 808 quod
1165 715 1213 786 ad

130 837 300 932 priorem
318 833 449 903 attinet
464 856 629 922 oausam,
658 855 701 902 ea
719 841 775 901 est
789 832 913 925 poesis
929 844 1079 925 natura,
1106 843 1149 904 ut
1165 833 1210 905 ab

129 954 246 1026 rebus
271 952 409 1046 gestis,
437 975 531 1045 quae
553 952 711 1044 populos
736 942 897 1044 mauime
929 950 1222 1025 commoverunt

129 1073 352 1162 animosque
368 1067 609 1139 vehementer
626 1071 840 1159 incitarunt,
853 1071 1076 1140 exornandis
1086 1081 1132 1149 ¹et
1148 1069 1210 1140 ef·
1241 1072 1246 1079 ’

128 1189 317 1283 fingendis
333 1185 511 1257 ordiatur.
546 1186 716 1278 Quarum
736 1211 850 1282 quum
866 1211 997 1257 recens
1013 1189 1116 1259 sitin
1132 1188 1209 1258 ho-

128 1307 295 1383 minibus
313 1307 512 1396 memoria,
537 1306 569 1374 si
592 1306 724 1376 ordine
749 1330 835 1397 suo,
862 1305 924 1376 hic
948 1305 1024 1376 illio
1045 1282 1207 1396 insertis,

126 1450 225 1523 quae
240 1435 350 1519 poeta
362 1425 450 1516 ipse
459 1424 604 1496 invenit
620 1426 793 1518 uotisque
810 1424 970 1543 addidit,
995 1436 1209 1516 narrantur,

126 1544 174 1616 fit
186 1557 287 1633 tum,
314 1551 358 1613 ut
381 1541 491 1611 abiu
516 1542 792 1637 intelligantur,
819 1548 980 1645 quom
1000 1544 1223 1638 intelligere·

125 1665 305 1750 interest,
332 1671 432 1748 tum,
459 1670 503 1729 ut
530 1661 655 1733 vivida
676 1661 880 1756 pulcraque
897 1644 1096 1733 iilarum'
1085 1682 1207 1758 imago

122 1780 335 1875 legentibus
359 1776 641 1852 audientibusve
663 1793 911 1876 proponatur
920 1793 958 1853 et
974 1781 1206 1855 obversetur.

125 1900 186 1970 Ita
200 1901 384 1985 nascitur,
411 1897 443 1964 si
457 1907 604 2001 tempus
621 1899 787 1990 respicis,
813 1900 976 1992 primum
996 1900 1121 1994 poesis
1137 1921 1208 1993 ge·-

127 2024 222 2108 n'ua,
249 2018 403 2110 epicum.
438 2014 544 2103 ,Quo
563 2016 601 2082 in
620 2038 757 2109 genere
777 2018 971 2111 primarias
987 2028 1113 2112 partes
1129 2017 1209 2110 agit

126 2146 258 2230 poeta,
284 2137 349 2228 qui
367 2142 512 2200 tantum
527 2130 650 2219 abest,
676 2143 721 2200 ut
742 2135 823 2226 ipse
848 2137 905 2203 sui
928 2136 1126 2205 immemor
1145 2134 1208 2226 sit,

127 2265 168 2324 et
179 2252 353 2326 carminis
371 2232 480 2319 causa
489 2248 548 2316 sui
563 2271 718 2338 prorsus
729 2252 967 2324 obliviscatur
982 2247 1109 2346 (quam
1123 2252 1208 2324 vir·-

123 2382 245 2443 tutem
261 2369 417 2440 barbare
427 2367 527 2436 dicas
540 2364 582 2434 V
578 2366 811 2462 arleugnung
819 2371 888 2440 der
896 2365 1206 2467 Subjectivitaet),

125 2503 169 2562 ut
184 2490 286 2560 solus
304 2491 382 2583 ipse
399 2490 525 2557 omnia
545 2487 764 2580 conjungat,
792 2489 917 2577 omnia
941 2502 1091 2561 enarret
1113 2492 1208 2584 ipse,

126 2622 256 2704 atque,
284 2608 335 2698 si,
361 2581 461 2702 quod
474 2617 586 2702 poeta
600 2606 786 2676 narrando
804 2609 898 2702 agit,
926 2610 1081 2679 carmini
1099 2609 1205 2702 epico

127 2730 338 2802 subducere
361 2727 474 2820 velis,
500 2739 622 2798 tutum
646 2725 824 2795 orationis
849 2724 954 2797 filum
976 2728 1208 2796 incideretur

126 2847 414 2943 necquidquam
437 2848 510 2918 uisi
534 2843 639 2917 rudis
661 2845 918 2940 indigestaque
940 2837 1206 2916 moles'rema-

128 2976 248 3039 neret.
313 2963 393 3036 Jam
416 2967 481 3037 ubi
501 2968 644 3036 animus
669 2963 855 3035 humanus
879 2967 994 3059 magis
1016 2965 1207 3058 magisque
1235 2960 1239 2981 ¹

129 3085 331 3175 excolitur,
351 3087 432 3156 ubi
455 3097 553 3157 artes
579 3097 618 3156 et
640 3084 809 3155 liberales
835 3082 1050 3179 disciplinae
1071 3081 1205 3152 laetius

132 3204 393 3275 efflorescere
382 3204 585 3298 mcipiunt,
610 3215 692 3275 tum
713 3202 776 3272 ille
791 3205 904 3273 etiam
919 3205 958 3272 in
974 3201 1079 3305 poesi
1096 3199 1206 3271 altius

130 3325 258 3418 spirat
309 3314 539 3417 Simulatque
560 3325 677 3418 igitur
693 3322 824 3412 sentit,
851 3345 925 3415 quo
950 3321 1133 3391 remotior
1156 3318 1207 3390 sit
1262 3326 1279 3348 ·'

129 3429 240 3537 poeta
262 3462 283 3510 a
307 3443 365 3510 sui
390 3452 428 3511 et
444 3442 666 3536 cogitatione
683 3451 720 3510 et
740 3433 953 3530 mentione,
981 3436 1204 3534 euprepius

131 3582 217 3633 eum
232 3582 253 3629 a
271 3582 414 3631 summo
435 3563 558 3655 poesis
584 3560 746 3630 culmino
769 3559 915 3649 abesse,
941 3580 1019 3627 nou
1045 3555 1203 3649 amplius

131 3690 339 3750 contentus
350 3691 410 3749 est
429 3680 587 3777 simplici
611 3680 675 3749 illa
690 3699 818 3773 rerum
841 3687 1029 3768 gestarunt
1046 3696 1202 3745 enarra-

130 3799 253 3890 tione,
280 3799 417 3893 quippe
432 3822 526 3892 quae
541 3798 709 3869 obtusius
733 3797 779 3866 ad
801 3793 1084 3888 intelligendum
1109 3817 1202 3862 acu-

129 3935 216 3986 men
230 3918 419 4012 requirat,
441 3936 551 4009 quam
567 3939 641 4010 quo
658 3938 699 3985 ae
712 3912 857 4010 pollere
871 3913 1010 3982 mirum
1026 3920 1205 4007 quantum
1222 3951 1225 3957 ·

132 4033 278 4128 gaudet.
337 4028 388 4124 At
409 4058 503 4130 quae
528 4030 620 4106 haec
643 4045 700 4106 est
723 4033 866 4130 ingenii
893 4023 1061 4123 luxuria,
1095 4010 1203 4100 aliam

136 4154 225 4228 novi
254 4154 403 4250 generis
425 4177 572 4226 causam
597 4154 754 4227 dicunus
784 4152 981 4249 penuriam
1009 4147 1202 4246 quandam.
1301 4185 1304 4189 ·
