2676 4756
524 272 801 378 ,επ-

131 474 234 539 statu
253 458 378 558 digna
409 470 498 534 ante
528 459 670 535 abitum
701 483 812 534 snum
840 460 1026 560 loquitur,
1065 467 1131 540 sed
1162 479 1208 545 ut
1321 518 1327 525 .

128 584 178 656 eb
210 576 319 653 initio
352 578 406 650 its
437 579 480 650 in
510 575 588 654 fine
618 578 810 675 colloquii,
850 603 958 655 avem
988 583 1204 680 quadrupe-

128 699 238 790 dem,
272 720 345 792 qua
367 694 540 802 vehitur,
573 707 843 772 commemorat
873 721 1028 795 eamque
1057 700 1100 771 in
1124 715 1204 781 stc-

127 815 219 892 bulo
244 813 419 886 lubenter
447 813 702 919 requiemram
733 814 816 903 esse
846 826 985 896 narrat.
1040 817 1203 894 Extem„

125 933 192 1033 plo
217 931 366 1008 devolet
396 954 468 1027 per
496 955 624 1004 aerem
648 943 846 1029 cognatum
870 932 982 1007 deum
1014 933 1203 1037 deserens,

124 1072 241 1150 quem
276 1069 319 1124 se
347 1048 547 1126 certiorem
577 1051 621 1123 in
651 1071 697 1125 re
726 1049 871 1124 inserts
898 1048 1058 1126 amicum
1097 1073 1201 1128 nun-

127 1190 241 1267 qnam
278 1167 522 1242 inventurum
568 1190 651 1244 esse
688 1190 783 1244 cum·
819 1168 955 1247 festius
997 1170 1202 1257 verborum

123 1310 264 1385 pompa
287 1285 388 1360 ultro
410 1284 644 1381 promiserat.
693 1285 875 1360 Consulto
900 1298 1026 1360 eutem
1045 1301 1083 1362 et
1102 1314 1200 1386 pru·-

123 1406 218 1478 dens
251 1394 455 1500 Aeschylus
486 1403 630 1477 Oceani
659 1407 825 1478 animum
858 1416 938 1478 tam
960 1405 1199 1504 imbecillum,

122 1523 367 1596 fluctuantem
392 1532 431 1594 et
453 1521 631 1618 pusillum
653 1520 809 1596 finxisse
832 1522 1000 1614 videtur,
1030 1532 1075 1596 ut
1097 1525 1199 1600 Pro-

124 1639 297 1743 metheus
329 1656 415 1711 enm
440 1638 521 1712 ¹hoc
556 1640 627 1711 deo
658 1653 900 1736 comparams.
922 1649 1028 1713 tanto
1060 1640 1200 1718 fortior

123 1753 458 1862 etmsgnanimior
482 1759 751 1854 spectatoribus
775 1759 1012 1831 redderetur.
1104 1748 1106 1753 ’
1182 1773 1185 1776 ‘
1244 1758 1247 1762 ’

150 1882 156 1890 ’
221 1873 365 1948 Fabula
405 1874 622 1972 dignissimo
661 1898 940 1971 nervorumque
980 1873 1197 1971 plenissimo

124 1999 325 2081 coronatur
349 1983 439 2066 finess
494 1993 592 2065 Nam
615 2017 733 2089 qnum
757 1993 968 2100 Mercurius
993 2017 1078 2067 suas
1102 2018 1196 2092 par-

125 2123 185 2187 tes
210 2111 342 2208 egisset
367 2122 406 2183 et
429 2111 462 2203 is
489 2133 656 2207 qnoque,
681 2134 760 2183 non
784 2111 893 2206 parvi
916 2110 1072 2182 honoris
1089 2111 1193 2205 deus,

123 2240 228 2303 suam
257 2228 343 2302 lori
372 2229 705 2325 obtemperantiam
732 2216 921 2325 animique
951 2229 1194 2302 mediocrita-

121 2357 208 2422 tem<
223 2369 349 2419 coram
372 2346 598 2419 Prometheo
623 2346 864 2444 significando
897 2345 1011 2443 hujus
1029 2349 1194 2444 magni-
1296 2343 1303 2357 ‘

123 2464 293 2558 tudinem
317 2475 356 2539 et
378 2465 535 2562 gloriam
559 2449 786 2560 adauxisset,
821 2465 968 2564 Jupiter
1001 2488 1092 2562 quas
1115 2466 1193 2538 mi-
1218 2500 1219 2503 *
1309 2554 1312 2559 Ι

80 2592 82 2603 “
125 2596 233 2658 natus
267 2593 348 2657 erat
377 2605 517 2680 poenas
551 2606 757 2682 exsequens
793 2585 906 2657 deum
937 2595 1193 2657 contumacem

80 2714 83 2783 l
126 2701 221 2777 inter
244 2702 430 2795 tonitrua,
456 2700 623 2801 fulgure,
648 2701 829 2798 procellas
852 2713 1048 2799 terraeque
1067 2712 1193 2774 motus
1272 2780 1278 2795 Ι

80 2792 83 2945 ἕ
125 2819 327 2897 intortam
350 2811 539 2923 detrudit}
