2648 4756
499 274 512 287 ”
587 232 868 372 ’,ν-ωε·

204 477 401 576 perionius,
428 496 538 574 qnam
560 473 708 571 justius,
732 482 772 546 et
794 473 877 545 sine
891 482 993 548 recta
1008 485 1184 574 certaque
1207 498 1279 549 ra-·

185 601 313 673 ‘atone
332 599 472 692 facturn
487 616 570 669 esse
594 591 800 684 videretur,
825 591 892 664 sed
915 593 969 664 ita
993 595 1040 664 ad
1063 619 1153 668 usus
1168 620 1276 669 meos

203 716 378 807 adhibui,
413 713 476 806 ut,
511 714 545 786 si
571 710 751 783 orationis
776 712 853 786 vim
879 711 1064 807 quandam
1098 717 1275 788 contine-

202 845 308 926 rent,
339 832 659 929 produoerentur,
701 839 760 922 et,
794 831 828 902 si
854 831 942 901 'sino
973 831 1045 902 ista
1076 834 1116 906 vi
1146 847 1275 906 tamen

91 1008 93 1015 .
200 951 487 1048 productionem
510 958 747 1044 paterentur,
780 950 827 1022 iis
852 959 955 1020 certe
979 949 1127 1022 sedibus
1152 951 1276 1025 collo--¹

101 1098 107 1109 ’
138 1055 142 1061 ’
203 1080 398 1160 careatur,
428 1088 531 1161 >quae
554 1066 719 1169 tenuiori
750 1067 830 1140 ictu
852 1067 1094 1164 pronunciari
1128 1069 1287 1140 debent,

205 1176 368 1260 Voculas
393 1195 521 1257 autem
546 1183 713 1277 ejusdem
736 1187 1008 1282 monosyllabas
1022 1185 1223 1258 nonnullas
1237 1208 1274 1259 v.

150 1284 154 1297 ’
203 1329 234 1376 c.
260 1301 380 1397 durch
403 1302 737 1399 praepositionem,
768 1314 944 1403 tanquam
969 1305 1016 1376 ad
1048 1303 1275 1400 productio-

201 1429 291 1495 'nem
328 1421 574 1516 procliviores
599 1443 726 1514 vquarn
767 1422 815 1495 ad
855 1424 1151 1518 correptionem,
1191 1419 1276 1490 fero

202 1539 375 1619 omnibus
407 1541 449 1613 in
479 1537 572 1610 locis
603 1539 778 1632 produxi.
846 1541 1013 1614 Omnino
1039 1541 1200 1634 denique
1231 1539 1275 1608 in

202 1660 385 1757 vertendo
410 1680 489 1728 non
512 1644 830 1732 immemorsseram
852 1648 1151 1756 praeceptorum,
1177 1679 1274 1750 quae

94 1859 98 1866 ,
202 1777 306 1851 dedit
331 1775 554 1851 Gulielmus
588 1776 646 1851 ἅθ’
660 1778 871 1852 H'umboldt
902 1777 1186 1850 Introductione
1226 1775 1275 1846 ad

107 1985 110 1990 Ι
200 1891 376 1993 Aeschyli
387 1893 674 2009 Apmemoms
699 1886 984 1974 conversionem
996 1895 1276 1970 Germanicam,

199 2012 285 2087 Hac
300 2016 493 2090 occasione
503 2016 598 2089 mihi
613 2017 871 2110 obtemperare
883 2034 962 2087 non
976 2039 1141 2109 possum,
1168 2014 1274 2107 quin,

200 2131 303 2228 quod
326 2124 478 2224 omnes,
491 2126 645 2229 ‘'quibua
677 2134 805 2227 lingua
835 2133 1035 2208 vernacula
1067 2132 1171 2202 cordi
1193 2141 1275 2220 est,

202 2245 384 2333 Germani
406 2251 624 2345 jamdudum
656 2252 886 2343 desiderant,
929 2276 998 2347 ego
1027 2271 1175 2346 quoque
1199 2247 1274 2318 de-
1300 2318 1320 2333 ,.

200 2386 278 2445 nno
303 2368 467 2465 eloquar.
517 2368 602 2442 Etsi
615 2373 730 2443 ‘enim
753 2370 881 2467 lingua
902 2381 1031 2443 nostra
1050 2391 1128 2439 non
1144 2367 1272 2438 minus
1297 2347 1317 2362 q

200 2498 322 2580 certa,
354 2512 468 2583 quarn
493 2467 691 2582 sansc'rita,
724 2513 875 2584 graeca,
907 2488 1023 2560 latina
1055 2497 1094 2557 et
1125 2486 1273 2558 arabica

198 2607 379 2706 prosodia-
399 2607 547 2701 gaudet,
573 2629 691 2703 eaque
714 2631 759 2680 ra
782 2605 1099 2699 omnesEuropae
1122 2604 1271 2698 linguas

105 2756 109 2767 ·
200 2724 443 2817 recentiores,
469 2724 654 2820 imprimis
678 2725 987 2823 francogallicam,
1013 2724 1203 2817 anglicam,
1232 2734 1271 2793 et

201 2846 362 2921 italicam
394 2845 628 2935 antevertit,
645 2855 770 2916 tamen
803 2855 938 2938 poetae
969 2853 1154 2915 nostrates
1188 2863 1270 2912 non

66 2934 70 2949 Ι
145 2963 148 2969 ’
199 2964 288 3039 mali
313 2962 433 3036 solum
458 2964 526 3034 sed
551 2964 663 3035 etiam
687 2963 820 3058 optimi
835 2964 897 3033 'ita
918 2962 960 3032 in
973 2963 1142 3034 versibus
1166 2983 1268 3054 pan-

110 3067 125 3088 *
200 3067 332 3180 gendis
356 3094 572 3174 versantur,
601 3085 720 3177 quasi
749 3082 877 3176 lingua
899 3081 1099 3152 vernacula
1131 3082 1269 3151 decore

198 3204 272 3274 isto
298 3212 336 3275 et
359 3200 442 3272 luce
465 3224 622 3296 prorsus
648 3212 809 3292 careret,
837 3223 957 3294 eoquo
981 3211 1046 3272 aut
1068 3199 1268 3295 prosodiae

198 3321 431 3417 germanicae
456 3332 495 3425 et
517 3318 735 3393 firmitatem
749 3331 788 3392 et
812 3319 1086 3408 certitudinem,
1112 3328 1177 3388 aut
1192 3339 1277 3390 ve-2

26 3456 29 3466 '
76 3471 79 3478 ·
197 3464 280 3511 ram
303 3440 442 3532 poesin
461 3438 573 3510 etiam
597 3436 719 3510 forma
749 3438 878 3533 pulcra
901 3449 942 3521 ¹et
965 3436 1165 3510 artificiosa
1189 3456 1263 3505 ex·-

199 3557 334 3630 cellore
348 3597 351 3602 ·
366 3581 407 3628 se
436 3558 611 3652 ignorare
642 3557 818 3630 fatentur.
882 3557 937 3629 Ut
966 3557 1080 3651 igitur
1111 3554 1264 3626 tandem

197 3676 395 3774 aliquando
421 3685 459 3747 et
481 3672 541 3746 his
567 3669 819 3768 subveniatur,
846 3688 885 3749 et
900 3674 1122 3770 syllabarum
1137 3672 1265 3743 scien-

81 3816 84 3823 ’
194 3800 249 3872 tia
270 3799 352 3891 ipsa
376 3793 582 3866 stabiliatur
596 3795 869 3892 perfectiorque
883 3796 1072 3883 reddatur,
1087 3815 1264 3886 magnum

194 3920 407 4012 justumque
432 3911 707 3987 Germanorum
735 3894 798 3990 'est
828 3913 1065 4009 desiderium,
1113 3907 1261 4004 Aggre-

198 4039 350 4109 diantur
374 4032 448 4109 viri
463 4032 604 4105 barum
627 4055 756 4107 rerum
779 4037 892 4132 periti
917 4057 999 4106 eam
1024 4043 1160 4120 artem,
1192 4051 1258 4100 se-

198 4169 360 4254 quantur
398 4156 613 4262 exemplum
650 4155 876 4255 Kirchneri,
912 4159 1186 4252 programmate
1225 4172 1259 4219 a.
