2676 4756
495 282 798 357 ····5.·-

143 467 507 563 Schleiermnchero,
531 466 844 567 philosophorum
870 472 1215 581 neoplatonicornm

143 594 372 683 editoribus,
405 590 508 680 aliis,
542 589 674 661 studiis
699 592 892 689 frugiferis
916 610 1072 672 tractata
1095 611 1154 673 est
1176 614 1216 676 et

140 712 338 783 illustrata.
387 703 438 781 At
449 705 551 799 justo
569 708 710 781 diutius
722 710 835 805 plane
849 714 965 806 jacuit
979 718 1097 791 altera
1111 719 1215 812 ejus-

141 832 229 903 dem
254 826 472 923 disciplinae
494 826 695 921 particula,
728 852 824 925 quae
856 833 898 904 in
930 836 1036 930 poesi
1060 838 1213 931 antiqua

141 946 363 1044 exponenda
382 954 564 1020 versatur.
616 947 869 1043 Quotcunque
894 953 995 1024 enirn
1016 966 1214 1048 poetarum

138 1080 220 1141 tum
244 1086 464 1162 graecorum
487 1073 571 1137 tum
594 1087 837 1147 romanorum
857 1067 1111 1163 inspiciuntur
1126 1075 1212 1145 edi-

137 1187 262 1259 tiones
287 1194 326 1255 et
350 1183 621 1276 commentarii,
645 1185 769 1280 primo
785 1184 919 1257 obtutu
934 1204 1100 1286 apparet,
1125 1193 1211 1264 edi.

135 1316 238 1377 tores
262 1303 428 1373 animum
452 1299 501 1372 ad
530 1296 605 1373 hoe
629 1302 900 1397 interpretandi
934 1329 1053 1401 genus
1079 1310 1211 1410 appel-

136 1425 214 1497 lere
239 1431 304 1494 aut
329 1418 593 1493 noluisse·aut
625 1423 850 1516 nequivisse.
899 1423 1049 1500 Primus
1082 1430 1230 1523 igitar,-

136 1552 317 1641 quantum
333 1530 404 1613 nos
419 1539 735 1635 quidemseimus,
761 1526 826 1637 qui
848 1563 962 1615 sensu
979 1546 1139 1641 quodam
1161 1548 1211 1619 ad

133 1660 424 1759 pulcritudinem
445 1658 632 1753 poeticam
649 1672 687 1732 et
701 1657 1007 1735 considerandam
1032 1675 1071 1737 et
1087 1663 1208 1758 signi-

132 1778 316 1853 ficandam
340 1777 520 1849 adductus
534 1788 602 1867 est,
627 1776 817 1874 Heynius,
842 1778 902 1851 vir
926 1779 1085 1853 illustris
1102 1807 1145 1855 ac
1161 1782 1209 1854 de

133 1899 352 1994 antiquitate
373 1896 645 1993 meritissimus,
670 1895 942 1988 annotationes,
969 1923 1060 1994 quas
1077 1899 1209 1971 dicunt
1285 1970 1291 1976 ,

134 2016 369 2107 oestheticas,
394 2012 569 2086 Homero
592 2037 661 2086 suo
685 2016 855 2110 aspersit,
882 2038 1105 2112 quamquam
1127 2019 1207 2089 suis

134 2130 460 2211 eiclunafionibus
502 2128 638 2221 „Heus
669 2143 733 2225 tu,
763 2133 904 2224 lector,
937 2160 1049 2229 quam
1079 2136 1204 2233 pulcri

131 2246 276 2344 tersus,
300 2238 412 2347 quam
437 2248 599 2340 venusti,
625 2274 737 2344 qnam
751 2250 925 2325 omnibus
949 2220 1213 2355 numeria-ab-⁸

130 2366 269 2474 soiuti“
290 2370 347 2440 illi
370 2365 524 2461 antiquo
547 2366 733 2443 desiderio
758 2371 971 2447 satisfacere
992 2368 1098 2445 nullo
1113 2394 1202 2445 mo-

130 2495 178 2567 do
201 2498 363 2588 poterat.
413 2485 566 2557 Summa
588 2509 681 2561 vero
703 2488 786 2561 laus
808 2488 883 2561 hoc
907 2492 1061 2563 nomine
1081 2490 1200 2563 tribui

128 2613 241 2685 debet
263 2605 479 2702 Lessingio,
511 2603 729 2681 Laocoonte
752 2633 822 2685 suo
847 2608 1004 2706 aliisque
1027 2610 1069 2681 in
1093 2608 1201 2681 libris
1296 2696 1303 2707 .

126 2729 256 2821 multa,
281 2749 375 2822 quae
396 2725 471 2795 huc
495 2724 699 2818 pertinent,
723 2730 874 2823 egregie
898 2727 1131 2821 disceptanti,
1158 2737 1197 2799 et

124 2848 244 2921 nobili
268 2844 427 2916 framun
450 2842 544 2936 pari,
570 2840 764 2917 Friderico
791 2856 829 2917 et
843 2842 1012 2941 Augusto
1031 2843 1196 2916 Guiliel-

124 2992 186 3039 mo
213 2962 443 3056 Schlegeliis,
467 2984 626 3055 quorum
650 2961 970 3057 illeuniversam,
997 2988 1109 3061 quam
1132 2963 1196 3033 di-

90 3064 93 3069 ¹
125 3096 235 3176 cunt,
260 3082 509 3153 litteratum
533 3083 770 3154 enarratione
792 3104 976 3176 perquam
1001 3081 1195 3175 ingeniosa

124 3200 341 3296 complexus
358 3208 426 3290 est,
450 3197 514 3269 hio
527 3199 660 3294 poesin
676 3199 914 3272 dramaticam
927 3199 1017 3272 inde
1030 3198 1193 3292 aGrae-
1229 3192 1235 3201 ’

124 3310 177 3417 cis
202 3318 250 3389 ad
274 3317 503 3389 recentiores
526 3302 686 3413 populos
712 3331 831 3415 usque
855 3319 909 3389 ita
934 3318 1132 3417 explicavit
1156 3324 1193 3388 et

121 3438 340 3529 illustravit,
359 3458 362 3462 ·
378 3446 423 3508 ut
453 3436 616 3528 nescias,
659 3447 789 3508 utrum
822 3436 1014 3507 doctrinae
1047 3436 1191 3529 copiam

122 3572 240 3653 paene
256 3556 485 3651 'immensam
506 3578 554 3629 an
579 3555 721 3650 ingenii
749 3555 1003 3627 felicissimum
1026 3548 1190 3641 'acumen

123 3698 170 3751 an
203 3674 366 3769 deniqne
396 3672 546 3767 generis
578 3667 727 3744 dicendi
760 3673 979 3768 elegantiam
1012 3684 1051 3744 et
1073 3695 1188 3767 prae-

123 3794 295 3867 stantiam
314 3786 435 3885 'magis
459 3789 665 3862 admireris.
704 3786 764 3863 At
788 3793 889 3863 enim
912 3815 1003 3868 vero
1021 3813 1098 3882 quo
1122 3789 1187 3882 ju-

126 3914 239 3985 stiore
287 3911 535 4005 uberioreque
584 3906 695 3980 laude
733 3906 776 3980 hi
815 3909 890 3983 viri
938 3905 1189 4003 prosequendi

125 4041 226 4124 snut,
250 4041 356 4104 tanto
381 4029 528 4125 gravius
553 4037 592 4099 et
612 4026 869 4102 vehementius
892 4025 934 4097 id
955 4023 1186 4117 stomachum

129 4148 268 4242 excitat,
294 4148 395 4245 quod
415 4157 606 4222 tantorum
621 4144 917 4239 coryphaeorum
932 4141 1095 4237 vestigiis
1109 4150 1185 4213 tam
