2676 4756
457 206 810 344 ⁸-„16.-··

147 439 347 518 ricordiam
364 460 468 510 suam
483 419 706 535 gignificant,
716 435 876 531 factique
886 457 1031 507 causam
1047 435 1219 506 arecenti

148 563 319 644 Deorum
335 556 500 629 dominio
518 555 693 655 Jovisque
714 578 845 625 eorum
861 552 955 625 duro
969 555 1128 650 imperio
1149 577 1218 625 re-

148 691 285 777 petunt
297 671 357 771 (V.
370 667 608 767 159—157.)
634 671 832 766 Utrimque
843 673 935 747 Jove
952 672 1129 747 conviciis
1145 672 1218 742 ob·
1235 683 1236 687 ’

30 810 38 827 ’
151 811 258 889 ruto,
284 797 380 868 scire
396 815 496 883 sese,
521 791 644 885 inquit
657 779 917 884 Prometheus,
944 793 1143 885 aquonam
1156 787 1221 861 hic

152 926 299 1010 sceptro
315 913 483 1008 privatus
497 911 616 1002 foret,
643 932 721 980 non
736 896 840 1003 prius
860 921 987 982 tamen
1008 910 1048 979 id
1071 932 1111 979 se
1134 930 1221 979 cum

145 1036 285 1110 eodem
302 1054 384 1104 esse
399 1029 775 1120 communicaturum,
802 1054 912 1126 quam
935 1052 976 1100 se
992 1051 1050 1099 ex.
1063 1024 1223 1100 vinculis

152 1153 334 1229 solvisset.
386 1145 509 1238 Quam
520 1148 635 1218 animi
652 1151 920 1222 contumaciam
935 1147 1082 1218 Ohorus
1101 1142 1224 1217 vehe-

151 1282 299 1347 menter
312 1266 518 1361 improbat,
544 1267 721 1361 quoniam
736 1267 899 1340 atrocior
914 1267 964 1337 sit
980 1277 1019 1336 et
1031 1265 1225 1358 potentior

155 1388 321 1484 Jupiter,
348 1408 458 1479 quam
481 1384 546 1479 qui
568 1385 620 1454 ita
633 1383 734 1458 flecti
754 1396 866 1484 queat
885 1379 947 1479 (V.
968 1376 1224 1475 158-194.).

157 1508 301 1581 Contra
311 1503 558 1576 Prometheus
572 1501 711 1576 bonam
734 1529 840 1601 spem
856 1505 949 1595 alit„
965 1505 1069 1597 fore,
1093 1516 1138 1576 ut
1160 1503 1225 1574 ille

157 1649 283 1701 secum
300 1624 341 1693 in
356 1622 553 1695 amicitiam
569 1621 865 1698 redeatcoactus.
891 1623 979 1715 Quo
994 1621 1048 1715 fit,
1065 1620 1225 1695 utCho-

156 1769 223 1820 rus
241 1740 454 1837 expostulet
468 1742 557 1813 facti
577 1724 831 1816 narrationem
854 1726 1048 1838 integram.
1096 1742 1227 1838 Itaque

157 1872 286 1938 narrat
300 1850 566 1951 Prometheus,
592 1863 659 1930 sito
684 1861 822 1932 auxilio
845 1863 1012 1958 adjutum
1024 1861 1156 1959 lovem
1178 1859 1227 1932 de

156 1982 296 2058 throno
306 1965 482 2073 dejecisse
492 1979 694 2051 Saturnum
707 1991 865 2080 patrem,
874 2006 947 2076 quo
959 1983 1056 2054 facto
1065 1979 1227 2054 voluisse

159 2099 320 2199 perdere
333 2119 451 2194 genus
466 2095 692 2190 humanum,
719 2109 758 2170 at
773 2123 814 2171 se
827 2099 1108 2191 (intercessisse,
1134 2098 1227 2171 illud

61 2300 65 2313 1
100 2247 126 2271 1·
160 2219 304 2293 salvum
318 2215 543 2306 reddidisse,
570 2228 819 2310 etpropterea
832 2217 928 2288 mala
941 2219 1097 2314 perpeti.
1123 2202 1228 2291 Tum

161 2337 290 2410 Choro
314 2333 466 2429 lugente
488 2344 526 2404 et
547 2320 764 2409 Promethei
788 2337 1076 2431 imprudentiam
1098 2336 1229 2409 incre·-

56 2494 68 2511 ··
160 2462 293 2553 pente,
318 2453 371 2544 is,
395 2451 478 2543 illa,
504 2453 637 2547 inquit,
663 2478 704 2530 se
718 2455 944 2552 prudentem
961 2456 1095 2530 fecisse
1109 2469 1148 2529 et
1163 2481 1230 2532 sua

162 2583 316 2672 sponte,
348 2570 443 2643 tanti
466 2573 649 2646 cruciatus
671 2576 820 2672 quidem
842 2575 1025 2648 nescium.
1076 2576 1228 2650 Chorus

163 2704 289 2767 sutem
311 2689 372 2761 his
396 2701 624 2785 commotus,
650 2715 699 2766 ex
721 2696 808 2766 aiire
829 2693 1021 2766 descendit
1041 2688 1230 2776 interrae

163 2810 286 2885 solnm
302 2802 365 2902 (V.
386 2806 624 2906 195—291.)
672 2808 833 2888 Advolat
850 2812 1042 2905 Oceanus,
1067 2814 1230 2888 Prome·
1255 2847 1261 2852 ·

108 2960 110 2967 s
163 2928 294 3002 theum
305 2927 519 3029 invitatum,
545 2943 589 3002 ut
605 2954 645 3004 se
660 2944 803 3006 certum
825 2934 866 3003 in
887 2954 931 3003 re
945 2930 1088 3003 incerta
1106 2946 1234 3008 cernat

165 3036 348 3147 amicum.¹
376 3045 478 3120 Tum
492 3049 537 3120 ab
552 3071 597 3120 eo
610 3050 738 3144 paucis
750 3050 1004 3146 interpellatus
1020 3052 1161 3144 suadet,
1186 3063 1232 3126 ut

165 3165 358 3255 moderate
386 3175 469 3261 agat
505 3177 543 3239 et
572 3193 657 3241 cum
678 3170 771 3247 Jove
803 3171 960 3268 gratiam
990 3170 1233 3270 redintegret.

34 3344 36 3348 Α
165 3280 411 3357 Prometheus
428 3297 551 3357 autem
563 3288 742 3382 tum‘ejus
754 3290 1070 3379 intercessionem,
1095 3289 1257 3360 tumde·

168 3404 227 3476 ira
247 3401 475 3476 moderanda
495 3406 692 3480 consilium
720 3412 893 3504 repudiat
914 3421 952 3484 et
973 3408 1168 3481 Oceanum
1190 3407 1234 3478 in

157 3531 291 3608 ,tutum
307 3524 483 3595 recedere
496 3526 610 3619 jubet.
664 3528 750 3621 Qua
773 3531 942 3603 oratione
966 3539 1174 3600 commotus
1196 3539 1236 3631 et

170 3650 338 3745 exparte
353 3642 474 3716 victus
490 3643 661 3720 Oceanus
683 3649 797 3740 cedit,
824 3647 982 3746 Atlantis
1006 3659 1045 3720 et
1060 3647 1237 3742 Typhoei

170 3759 382 3854 exemplum
411 3762 517 3836 addit
543 3777 581 3839 et
609 3790 723 3841 novas
755 3747 1027 3841 admonitiones
1058 3764 1262 3859 adjungit..

173 3877 418 3951 Prometheus
434 3893 557 3955 autem
574 3909 678 3977 eum,
703 3898 747 3959 ut
763 3912 851 3960 suae
873 3887 1000 3958 salutis
1014 3908 1160 3955 memor
1175 3885 1239 3973 sit,

54 4053 56 4063 ,
172 3997 348 4069 admonet
363 4012 400 4073 et
415 4024 547 4076 rursus
562 4005 779 4078 suadentem
796 4019 834 4079 et
848 4005 1072 4077 mulcentem
1095 4004 1149 4072 ita
1170 4003 1238 4072 in-

174 4127 317 4211 crepat,
343 4129 386 4189 ut
402 4143 470 4215 per
486 4123 611 4196 a'e'rem
627 4102 777 4199 devolet
794 4118 857 4220 (V.
869 4115 1107 4217 2924-404.)
1155 4119 1241 4224 Jam
