<?xml version="1.0" encoding="UTF-8"?>
<!DOCTYPE html PUBLIC "-//W3C//DTD XHTML 1.0 Transitional//EN"
    "http://www.w3.org/TR/xhtml1/DTD/xhtml1-transitional.dtd">
<html xmlns="http://www.w3.org/1999/xhtml" xml:lang="en" lang="en">
 <head>
  <title>
</title>
<meta http-equiv="Content-Type" content="text/html;charset=utf-8" />
  <meta name='ocr-system' content='tesseract 3.04.00' />
  <meta name='ocr-capabilities' content='ocr_page ocr_carea ocr_par ocr_line ocrx_word'/>
</head>
<body>
  <div class='ocr_page' id='page_1' title='image "./commentatiodeae00toepgoog_0041.png"; bbox 0 0 2676 4756; ppageno 0'>
   <div class='ocr_carea' id='block_1_1' title="bbox 165 828 1286 1295">
    <p class='ocr_par' dir='ltr' id='par_1_1' title="bbox 165 828 1286 1295">
     <span class='ocr_line' id='line_1_1' title="bbox 165 828 790 900; baseline 0.002 -1"><span class='ocrx_word' id='word_1_1' title='bbox 165 889 170 899; x_wconf 87' lang='grc'><strong><em>,</em></strong></span> <span class='ocrx_word' id='word_1_2' title='bbox 583 841 584 846; x_wconf 74' lang='grc'>’</span> <span class='ocrx_word' id='word_1_3' title='bbox 702 829 738 900; x_wconf 87' lang='grc' dir='ltr'><strong>Ι)</strong></span> <span class='ocrx_word' id='word_1_4' title='bbox 759 828 790 900; x_wconf 80' lang='lat' dir='ltr'><strong>E</strong></span> 
     </span>
     <span class='ocr_line' id='line_1_2' title="bbox 204 926 1286 1108; baseline -0.009 -14"><span class='ocrx_word' id='word_1_5' title='bbox 204 926 601 1098; x_wconf 70' lang='lat' dir='ltr'><strong>&#39;paenorum</strong></span> <span class='ocrx_word' id='word_1_6' title='bbox 658 993 986 1108; x_wconf 70' lang='lat' dir='ltr'><strong>Persona,</strong></span> <span class='ocrx_word' id='word_1_7' title='bbox 1045 978 1286 1101; x_wconf 72' lang='lat' dir='ltr'><strong>rorans</strong></span> 
     </span>
     <span class='ocr_line' id='line_1_3' title="bbox 207 1163 1278 1295; baseline -0.016 -42"><span class='ocrx_word' id='word_1_8' title='bbox 207 1194 213 1233; x_wconf 69' lang='grc' dir='ltr'><strong><em>τ</em></strong></span> <span class='ocrx_word' id='word_1_9' title='bbox 286 1165 577 1267; x_wconf 73' lang='lat' dir='ltr'><strong>elnonae</strong></span> <span class='ocrx_word' id='word_1_10' title='bbox 597 1167 835 1245; x_wconf 71' lang='lat' dir='ltr'><strong>rennes</strong></span> <span class='ocrx_word' id='word_1_11' title='bbox 855 1164 917 1266; x_wconf 66' lang='grc' dir='ltr'><strong>ὀ)</strong></span> <span class='ocrx_word' id='word_1_12' title='bbox 948 1163 1237 1295; x_wconf 79' lang='lat' dir='ltr'><strong>aennru..</strong></span> <span class='ocrx_word' id='word_1_13' title='bbox 1260 1199 1278 1239; x_wconf 59' lang='lat'><strong>‚2</strong></span> 
     </span>
    </p>
   </div>
   <div class='ocr_carea' id='block_1_2' title="bbox 543 1381 866 1423">
    <p class='ocr_par' dir='ltr' id='par_1_2' title="bbox 543 1381 866 1423">
     <span class='ocr_line' id='line_1_4' title="bbox 543 1381 866 1423; baseline -0.015 0"><span class='ocrx_word' id='word_1_14' title='bbox 543 1381 866 1423; x_wconf 51' lang='grc' dir='ltr'><strong>ι’*</strong></span> 
     </span>
    </p>
   </div>
   <div class='ocr_carea' id='block_1_3' title="bbox 137 1550 1296 2275">
    <p class='ocr_par' dir='ltr' id='par_1_3' title="bbox 137 1550 1296 2275">
     <span class='ocr_line' id='line_1_5' title="bbox 206 1550 1286 1697; baseline -0.017 -24"><span class='ocrx_word' id='word_1_15' title='bbox 206 1550 560 1697; x_wconf 65' lang='lat' dir='ltr'><strong>,Quanmm&#39;poeta</strong></span> <span class='ocrx_word' id='word_1_16' title='bbox 582 1588 728 1663; x_wconf 83' lang='lat' dir='ltr'><strong>fabulae</strong></span> <span class='ocrx_word' id='word_1_17' title='bbox 750 1589 931 1687; x_wconf 85' lang='lat' dir='ltr'><strong>irnplioite</strong></span> <span class='ocrx_word' id='word_1_18' title='bbox 954 1588 1170 1682; x_wconf 81' lang='lat' dir='ltr'><strong>nodoseqne</strong></span> <span class='ocrx_word' id='word_1_19' title='bbox 1187 1604 1286 1656; x_wconf 91' lang='lat' dir='ltr'><strong>con-</strong></span> 
     </span>
     <span class='ocr_line' id='line_1_6' title="bbox 215 1703 1290 1816; baseline -0.011 -31"><span class='ocrx_word' id='word_1_20' title='bbox 215 1709 398 1816; x_wconf 77' lang='lat' dir='ltr'><strong>terendae</strong></span> <span class='ocrx_word' id='word_1_21' title='bbox 423 1707 586 1780; x_wconf 83' lang='lat' dir='ltr'><strong>defuisse</strong></span> <span class='ocrx_word' id='word_1_22' title='bbox 609 1710 778 1800; x_wconf 77' lang='lat' dir='ltr'><strong>ridetur,</strong></span> <span class='ocrx_word' id='word_1_23' title='bbox 814 1720 961 1782; x_wconf 85' lang='lat' dir='ltr'><strong>tantum</strong></span> <span class='ocrx_word' id='word_1_24' title='bbox 993 1718 1075 1779; x_wconf 80' lang='lat' dir='ltr'><strong>arte</strong></span> <span class='ocrx_word' id='word_1_25' title='bbox 1099 1717 1137 1777; x_wconf 90' lang='lat' dir='ltr'><strong>et</strong></span> <span class='ocrx_word' id='word_1_26' title='bbox 1161 1703 1290 1776; x_wconf 89' lang='lat' dir='ltr'><strong>studio</strong></span> 
     </span>
     <span class='ocr_line' id='line_1_7' title="bbox 145 1820 1292 1923; baseline -0.011 -20"><span class='ocrx_word' id='word_1_27' title='bbox 145 1849 147 1853; x_wconf 81' lang='grc'>’</span> <span class='ocrx_word' id='word_1_28' title='bbox 214 1830 257 1902; x_wconf 92' lang='lat' dir='ltr'><strong>in</strong></span> <span class='ocrx_word' id='word_1_29' title='bbox 289 1826 532 1921; x_wconf 83' lang='lat' dir='ltr'><strong>depingendis</strong></span> <span class='ocrx_word' id='word_1_30' title='bbox 564 1827 696 1923; x_wconf 85' lang='lat' dir='ltr'><strong>primis</strong></span> <span class='ocrx_word' id='word_1_31' title='bbox 726 1827 895 1922; x_wconf 81' lang='lat' dir='ltr'><strong>partibus</strong></span> <span class='ocrx_word' id='word_1_32' title='bbox 928 1825 1106 1919; x_wconf 84' lang='lat' dir='ltr'><strong>collocato</strong></span> <span class='ocrx_word' id='word_1_33' title='bbox 1139 1820 1292 1918; x_wconf 88' lang='lat' dir='ltr'><strong>egregio</strong></span> 
     </span>
     <span class='ocr_line' id='line_1_8' title="bbox 137 1939 1293 2039; baseline -0.008 -21"><span class='ocrx_word' id='word_1_34' title='bbox 137 1940 155 1961; x_wconf 88' lang='grc'><strong>“</strong></span> <span class='ocrx_word' id='word_1_35' title='bbox 216 1945 482 2036; x_wconf 81' lang='lat' dir='ltr'><strong>compensavit.</strong></span> <span class='ocrx_word' id='word_1_36' title='bbox 544 1945 643 2017; x_wconf 89' lang='lat' dir='ltr'><strong>Nam</strong></span> <span class='ocrx_word' id='word_1_37' title='bbox 681 1944 783 2039; x_wconf 90' lang='lat' dir='ltr'><strong>quod</strong></span> <span class='ocrx_word' id='word_1_38' title='bbox 814 1942 976 2016; x_wconf 86' lang='lat' dir='ltr'><strong>artifices</strong></span> <span class='ocrx_word' id='word_1_39' title='bbox 1016 1943 1058 2013; x_wconf 91' lang='lat' dir='ltr'><strong>in</strong></span> <span class='ocrx_word' id='word_1_40' title='bbox 1088 1939 1293 2035; x_wconf 86' lang='lat' dir='ltr'><strong>pingendis</strong></span> 
     </span>
     <span class='ocr_line' id='line_1_9' title="bbox 215 2046 1293 2157; baseline -0.007 -20"><span class='ocrx_word' id='word_1_41' title='bbox 215 2061 351 2137; x_wconf 85' lang='lat' dir='ltr'><strong>tabulis</strong></span> <span class='ocrx_word' id='word_1_42' title='bbox 375 2059 500 2132; x_wconf 87' lang='lat' dir='ltr'><strong>facere</strong></span> <span class='ocrx_word' id='word_1_43' title='bbox 524 2061 664 2153; x_wconf 87' lang='lat' dir='ltr'><strong>solent,</strong></span> <span class='ocrx_word' id='word_1_44' title='bbox 690 2062 773 2157; x_wconf 90' lang='lat' dir='ltr'><strong>qui,</strong></span> <span class='ocrx_word' id='word_1_45' title='bbox 814 2063 880 2135; x_wconf 91' lang='lat' dir='ltr'><strong>ubi</strong></span> <span class='ocrx_word' id='word_1_46' title='bbox 913 2062 961 2133; x_wconf 89' lang='lat' dir='ltr'><strong>ad</strong></span> <span class='ocrx_word' id='word_1_47' title='bbox 991 2046 1149 2155; x_wconf 87' lang='lat' dir='ltr'><strong>figuram</strong></span> <span class='ocrx_word' id='word_1_48' title='bbox 1173 2080 1293 2130; x_wconf 86' lang='lat' dir='ltr'><strong>unam</strong></span> 
     </span>
     <span class='ocr_line' id='line_1_10' title="bbox 218 2175 1296 2275; baseline -0.007 -23"><span class='ocrx_word' id='word_1_49' title='bbox 218 2180 378 2275; x_wconf 84' lang='lat' dir='ltr'><strong>aliquam</strong></span> <span class='ocrx_word' id='word_1_50' title='bbox 414 2182 662 2272; x_wconf 77' lang='lat' dir='ltr'><strong>spectantium</strong></span> <span class='ocrx_word' id='word_1_51' title='bbox 701 2182 845 2253; x_wconf 80' lang='lat' dir='ltr'><strong>animos</strong></span> <span class='ocrx_word' id='word_1_52' title='bbox 886 2178 1088 2272; x_wconf 90' lang='lat' dir='ltr'><strong>oculosque</strong></span> <span class='ocrx_word' id='word_1_53' title='bbox 1121 2175 1296 2272; x_wconf 89' lang='lat' dir='ltr'><strong>apprime</strong></span> 
     </span>
    </p>
   </div>
   <div class='ocr_carea' id='block_1_4' title="bbox 76 2281 1293 2391">
    <p class='ocr_par' dir='ltr' id='par_1_4' title="bbox 76 2281 1293 2391">
     <span class='ocr_line' id='line_1_11' title="bbox 76 2281 1293 2391; baseline -0.007 -21"><span class='ocrx_word' id='word_1_54' title='bbox 76 2344 79 2349; x_wconf 93' lang='lat'><em>-</em></span> <span class='ocrx_word' id='word_1_55' title='bbox 217 2295 522 2370; x_wconf 88' lang='lat' dir='ltr'><strong>considerandam</strong></span> <span class='ocrx_word' id='word_1_56' title='bbox 547 2281 874 2391; x_wconf 71' lang='lat' dir='ltr'><strong>admirandamque</strong></span> <span class='ocrx_word' id='word_1_57' title='bbox 893 2297 1084 2383; x_wconf 79' lang='lat' dir='ltr'><strong>adducere</strong></span> <span class='ocrx_word' id='word_1_58' title='bbox 1108 2295 1293 2380; x_wconf 81' lang='lat' dir='ltr'><strong>decreve-</strong></span> 
     </span>
    </p>
   </div>
   <div class='ocr_carea' id='block_1_5' title="bbox 117 2410 1316 3688">
    <p class='ocr_par' dir='ltr' id='par_1_5' title="bbox 117 2410 1316 3688">
     <span class='ocr_line' id='line_1_12' title="bbox 217 2410 1292 2511; baseline -0.007 -22"><span class='ocrx_word' id='word_1_59' title='bbox 217 2425 328 2508; x_wconf 87' lang='lat' dir='ltr'><strong>runt,</strong></span> <span class='ocrx_word' id='word_1_60' title='bbox 354 2437 436 2484; x_wconf 88' lang='lat' dir='ltr'><strong>eam</strong></span> <span class='ocrx_word' id='word_1_61' title='bbox 452 2413 585 2484; x_wconf 85' lang='lat' dir='ltr'><strong>ceteris</strong></span> <span class='ocrx_word' id='word_1_62' title='bbox 600 2414 712 2509; x_wconf 87' lang='lat' dir='ltr'><strong>longe</strong></span> <span class='ocrx_word' id='word_1_63' title='bbox 727 2410 876 2509; x_wconf 86' lang='lat' dir='ltr'><strong>fingunt</strong></span> <span class='ocrx_word' id='word_1_64' title='bbox 890 2415 1163 2511; x_wconf 87' lang='lat' dir='ltr'><strong>proceriorem,</strong></span> <span class='ocrx_word' id='word_1_65' title='bbox 1190 2410 1292 2482; x_wconf 89' lang='lat' dir='ltr'><strong>emi-</strong></span> 
     </span>
     <span class='ocr_line' id='line_1_13' title="bbox 217 2527 1296 2626; baseline -0.008 -19"><span class='ocrx_word' id='word_1_66' title='bbox 217 2534 450 2622; x_wconf 84' lang='lat' dir='ltr'><strong>nentiorem,</strong></span> <span class='ocrx_word' id='word_1_67' title='bbox 491 2528 737 2624; x_wconf 88' lang='lat' dir='ltr'><strong>pulcriorem,</strong></span> <span class='ocrx_word' id='word_1_68' title='bbox 776 2545 821 2604; x_wconf 90' lang='lat' dir='ltr'><strong>ut</strong></span> <span class='ocrx_word' id='word_1_69' title='bbox 852 2532 1012 2626; x_wconf 89' lang='lat' dir='ltr'><strong>reliquas</strong></span> <span class='ocrx_word' id='word_1_70' title='bbox 1037 2547 1121 2601; x_wconf 78' lang='lat' dir='ltr'><strong>&#39;non</strong></span> <span class='ocrx_word' id='word_1_71' title='bbox 1145 2529 1220 2601; x_wconf 90' lang='lat' dir='ltr'><strong>nisi</strong></span> <span class='ocrx_word' id='word_1_72' title='bbox 1244 2527 1296 2612; x_wconf 84' lang='lat' dir='ltr'><strong>ad</strong></span> 
     </span>
     <span class='ocr_line' id='line_1_14' title="bbox 218 2646 1292 2745; baseline -0.008 -20"><span class='ocrx_word' id='word_1_73' title='bbox 218 2649 475 2725; x_wconf 84' lang='lat' dir='ltr'><strong>illustrandam</strong></span> <span class='ocrx_word' id='word_1_74' title='bbox 499 2647 866 2745; x_wconf 88' lang='lat' dir='ltr'><strong>amplificandnmque</strong></span> <span class='ocrx_word' id='word_1_75' title='bbox 885 2649 987 2720; x_wconf 87' lang='lat' dir='ltr'><strong>illam</strong></span> <span class='ocrx_word' id='word_1_76' title='bbox 1004 2650 1162 2743; x_wconf 88' lang='lat' dir='ltr'><strong>pingere</strong></span> <span class='ocrx_word' id='word_1_77' title='bbox 1178 2646 1292 2724; x_wconf 83' lang='lat' dir='ltr'><strong>vide-</strong></span> 
     </span>
     <span class='ocr_line' id='line_1_15' title="bbox 141 2763 1295 2862; baseline -0.006 -21"><span class='ocrx_word' id='word_1_78' title='bbox 141 2773 145 2786; x_wconf 76' lang='lat'><em>&#39;</em></span> <span class='ocrx_word' id='word_1_79' title='bbox 217 2780 349 2860; x_wconf 85' lang='lat' dir='ltr'><strong>antur,</strong></span> <span class='ocrx_word' id='word_1_80' title='bbox 374 2766 507 2837; x_wconf 89' lang='lat' dir='ltr'><strong>eodem</strong></span> <span class='ocrx_word' id='word_1_81' title='bbox 521 2763 678 2837; x_wconf 88' lang='lat' dir='ltr'><strong>artificio</strong></span> <span class='ocrx_word' id='word_1_82' title='bbox 696 2792 815 2862; x_wconf 90' lang='lat' dir='ltr'><strong>eoque</strong></span> <span class='ocrx_word' id='word_1_83' title='bbox 827 2766 1070 2862; x_wconf 88' lang='lat' dir='ltr'><strong>ingeniosiori</strong></span> <span class='ocrx_word' id='word_1_84' title='bbox 1084 2763 1295 2861; x_wconf 83' lang='lat' dir='ltr'><strong>Aeschylus</strong></span> 
     </span>
     <span class='ocr_line' id='line_1_16' title="bbox 117 2880 1315 2979; baseline -0.003 -21"><span class='ocrx_word' id='word_1_85' title='bbox 117 2917 119 2920; x_wconf 56' lang='grc'>’</span> <span class='ocrx_word' id='word_1_86' title='bbox 218 2909 309 2958; x_wconf 91' lang='lat' dir='ltr'><strong>usus</strong></span> <span class='ocrx_word' id='word_1_87' title='bbox 334 2895 409 2975; x_wconf 88' lang='lat' dir='ltr'><strong>est,</strong></span> <span class='ocrx_word' id='word_1_88' title='bbox 433 2892 477 2954; x_wconf 92' lang='lat' dir='ltr'><strong>nt</strong></span> <span class='ocrx_word' id='word_1_89' title='bbox 502 2881 620 2976; x_wconf 86' lang='lat' dir='ltr'><strong>gloria</strong></span> <span class='ocrx_word' id='word_1_90' title='bbox 647 2894 685 2956; x_wconf 88' lang='lat' dir='ltr'><strong>et</strong></span> <span class='ocrx_word' id='word_1_91' title='bbox 708 2885 952 2979; x_wconf 85' lang='lat' dir='ltr'><strong>amplitudine</strong></span> <span class='ocrx_word' id='word_1_92' title='bbox 976 2880 1315 2956; x_wconf 73' lang='lat' dir='ltr'><strong>circumfunderet⁸</strong></span> 
     </span>
     <span class='ocr_line' id='line_1_17' title="bbox 217 3000 1294 3094; baseline -0.007 -17"><span class='ocrx_word' id='word_1_93' title='bbox 217 3001 506 3091; x_wconf 84' lang='lat' dir='ltr'><strong>Prometheum,</strong></span> <span class='ocrx_word' id='word_1_94' title='bbox 531 3003 592 3071; x_wconf 89' lang='lat' dir='ltr'><strong>cui</strong></span> <span class='ocrx_word' id='word_1_95' title='bbox 615 3012 697 3073; x_wconf 90' lang='lat' dir='ltr'><strong>arte</strong></span> <span class='ocrx_word' id='word_1_96' title='bbox 720 3003 920 3075; x_wconf 78' lang='lat' dir='ltr'><strong>dramatico</strong></span> <span class='ocrx_word' id='word_1_97' title='bbox 945 3003 1039 3074; x_wconf 89' lang='lat' dir='ltr'><strong>duce</strong></span> <span class='ocrx_word' id='word_1_98' title='bbox 1055 3013 1094 3073; x_wconf 89' lang='lat' dir='ltr'><strong>et</strong></span> <span class='ocrx_word' id='word_1_99' title='bbox 1111 3000 1294 3094; x_wconf 87' lang='lat' dir='ltr'><strong>adjutrice</strong></span> 
     </span>
     <span class='ocr_line' id='line_1_18' title="bbox 217 3117 1294 3217; baseline -0.004 -25"><span class='ocrx_word' id='word_1_100' title='bbox 217 3121 259 3192; x_wconf 91' lang='lat' dir='ltr'><strong>id</strong></span> <span class='ocrx_word' id='word_1_101' title='bbox 282 3137 424 3194; x_wconf 80' lang='lat' dir='ltr'><strong>novum</strong></span> <span class='ocrx_word' id='word_1_102' title='bbox 448 3118 635 3212; x_wconf 81' lang='lat' dir='ltr'><strong>adjunxit,</strong></span> <span class='ocrx_word' id='word_1_103' title='bbox 662 3121 762 3215; x_wconf 90' lang='lat' dir='ltr'><strong>qnod</strong></span> <span class='ocrx_word' id='word_1_104' title='bbox 785 3121 1015 3217; x_wconf 88' lang='lat' dir='ltr'><strong>pedetentim</strong></span> <span class='ocrx_word' id='word_1_105' title='bbox 1033 3119 1159 3190; x_wconf 86' lang='lat' dir='ltr'><strong>herois</strong></span> <span class='ocrx_word' id='word_1_106' title='bbox 1177 3117 1294 3189; x_wconf 88' lang='lat' dir='ltr'><strong>animi</strong></span> 
     </span>
     <span class='ocr_line' id='line_1_19' title="bbox 219 3223 1291 3334; baseline -0.006 -23"><span class='ocrx_word' id='word_1_107' title='bbox 219 3237 513 3334; x_wconf 77' lang='lat' dir='ltr'><strong>magnitudinem</strong></span> <span class='ocrx_word' id='word_1_108' title='bbox 541 3249 579 3310; x_wconf 87' lang='lat' dir='ltr'><strong>et</strong></span> <span class='ocrx_word' id='word_1_109' title='bbox 603 3261 678 3308; x_wconf 88' lang='lat' dir='ltr'><strong>una</strong></span> <span class='ocrx_word' id='word_1_110' title='bbox 702 3263 788 3310; x_wconf 88' lang='lat' dir='ltr'><strong>cum</strong></span> <span class='ocrx_word' id='word_1_111' title='bbox 814 3263 857 3310; x_wconf 90' lang='lat' dir='ltr'><strong>ea</strong></span> <span class='ocrx_word' id='word_1_112' title='bbox 881 3223 1132 3334; x_wconf 81' lang='lat' dir='ltr'><strong>spectatorum</strong></span> <span class='ocrx_word' id='word_1_113' title='bbox 1156 3248 1195 3306; x_wconf 90' lang='lat' dir='ltr'><strong>et</strong></span> <span class='ocrx_word' id='word_1_114' title='bbox 1210 3235 1291 3306; x_wconf 51' lang='lat' dir='ltr'><strong>*ad-</strong></span> 
     </span>
     <span class='ocr_line' id='line_1_20' title="bbox 218 3353 1291 3453; baseline -0.005 -25"><span class='ocrx_word' id='word_1_115' title='bbox 218 3357 455 3428; x_wconf 84' lang='lat' dir='ltr'><strong>mirationem</strong></span> <span class='ocrx_word' id='word_1_116' title='bbox 486 3365 524 3426; x_wconf 86' lang='lat' dir='ltr'><strong>et</strong></span> <span class='ocrx_word' id='word_1_117' title='bbox 554 3357 848 3448; x_wconf 82' lang='lat' dir='ltr'><strong>misericordiam</strong></span> <span class='ocrx_word' id='word_1_118' title='bbox 879 3358 1090 3453; x_wconf 87' lang='lat' dir='ltr'><strong>adaugeret.</strong></span> <span class='ocrx_word' id='word_1_119' title='bbox 1155 3354 1215 3425; x_wconf 85' lang='lat' dir='ltr'><strong>Ita</strong></span> <span class='ocrx_word' id='word_1_120' title='bbox 1245 3353 1291 3424; x_wconf 90' lang='lat' dir='ltr'><strong>ab</strong></span> 
     </span>
     <span class='ocr_line' id='line_1_21' title="bbox 218 3458 1291 3565; baseline -0.005 -19"><span class='ocrx_word' id='word_1_121' title='bbox 218 3458 327 3546; x_wconf 87' lang='lat' dir='ltr'><strong>initio</strong></span> <span class='ocrx_word' id='word_1_122' title='bbox 352 3473 541 3565; x_wconf 87' lang='lat' dir='ltr'><strong>videmus,</strong></span> <span class='ocrx_word' id='word_1_123' title='bbox 575 3497 662 3545; x_wconf 87' lang='lat' dir='ltr'><strong>eum</strong></span> <span class='ocrx_word' id='word_1_124' title='bbox 685 3475 925 3547; x_wconf 90' lang='lat' dir='ltr'><strong>incitantibus</strong></span> <span class='ocrx_word' id='word_1_125' title='bbox 949 3475 1102 3548; x_wconf 86' lang='lat' dir='ltr'><strong>Robore</strong></span> <span class='ocrx_word' id='word_1_126' title='bbox 1127 3483 1166 3544; x_wconf 91' lang='lat' dir='ltr'><strong>et</strong></span> <span class='ocrx_word' id='word_1_127' title='bbox 1190 3470 1291 3546; x_wconf 89' lang='lat' dir='ltr'><strong>Vio-</strong></span> 
     </span>
     <span class='ocr_line' id='line_1_22' title="bbox 218 3590 1316 3688; baseline -0.005 -24"><span class='ocrx_word' id='word_1_128' title='bbox 218 3592 351 3685; x_wconf 85' lang='lat' dir='ltr'><strong>lentia,</strong></span> <span class='ocrx_word' id='word_1_129' title='bbox 367 3590 579 3664; x_wconf 61' lang='lat' dir='ltr'><strong>aatrooibus</strong></span> <span class='ocrx_word' id='word_1_130' title='bbox 610 3591 875 3688; x_wconf 87' lang='lat' dir='ltr'><strong>carnuficibus,</strong></span> <span class='ocrx_word' id='word_1_131' title='bbox 914 3591 1136 3669; x_wconf 86' lang='lat' dir='ltr'><strong>aVulcano</strong></span> <span class='ocrx_word' id='word_1_132' title='bbox 1167 3612 1316 3686; x_wconf 87' lang='lat' dir='ltr'><strong>poena.</strong></span> 
     </span>
    </p>
   </div>
   <div class='ocr_carea' id='block_1_6' title="bbox 219 3883 1294 4047">
    <p class='ocr_par' dir='ltr' id='par_1_6' title="bbox 219 3883 1294 4047">
     <span class='ocr_line' id='line_1_23' title="bbox 288 3883 1294 3965; baseline -0.004 -23"><span class='ocrx_word' id='word_1_133' title='bbox 288 3883 332 3960; x_wconf 82' lang='lat'><strong>¹⁰)</strong></span> <span class='ocrx_word' id='word_1_134' title='bbox 350 3887 450 3941; x_wconf 79' lang='lat' dir='ltr'><strong>Partes</strong></span> <span class='ocrx_word' id='word_1_135' title='bbox 465 3885 630 3942; x_wconf 82' lang='lat' dir='ltr'><strong>Promethei</strong></span> <span class='ocrx_word' id='word_1_136' title='bbox 645 3887 795 3962; x_wconf 77' lang='lat' dir='ltr'><strong>Aeschylei</strong></span> <span class='ocrx_word' id='word_1_137' title='bbox 810 3887 931 3944; x_wconf 80' lang='lat' dir='ltr'><strong>solerter</strong></span> <span class='ocrx_word' id='word_1_138' title='bbox 947 3894 976 3941; x_wconf 82' lang='lat' dir='ltr'><strong>et</strong></span> <span class='ocrx_word' id='word_1_139' title='bbox 991 3885 1114 3941; x_wconf 80' lang='lat' dir='ltr'><strong>scienter</strong></span> <span class='ocrx_word' id='word_1_140' title='bbox 1130 3884 1294 3965; x_wconf 80' lang='lat' dir='ltr'><strong>adumbra-</strong></span> 
     </span>
     <span class='ocr_line' id='line_1_24' title="bbox 219 3971 1294 4047; baseline -0.001 -21"><span class='ocrx_word' id='word_1_141' title='bbox 219 3971 262 4026; x_wconf 79' lang='lat' dir='ltr'><strong>vit</strong></span> <span class='ocrx_word' id='word_1_142' title='bbox 278 3972 329 4027; x_wconf 77' lang='lat' dir='ltr'><strong>rr.</strong></span> <span class='ocrx_word' id='word_1_143' title='bbox 343 3971 495 4028; x_wconf 81' lang='lat' dir='ltr'><strong>Jacohsius</strong></span> <span class='ocrx_word' id='word_1_144' title='bbox 516 3974 548 4028; x_wconf 89' lang='lat' dir='ltr'><strong>in</strong></span> <span class='ocrx_word' id='word_1_145' title='bbox 565 3973 643 4029; x_wconf 88' lang='lat' dir='ltr'><strong>libro</strong></span> <span class='ocrx_word' id='word_1_146' title='bbox 648 3997 656 4047; x_wconf 69' lang='grc' dir='ltr'><strong>ς</strong></span> <span class='ocrx_word' id='word_1_147' title='bbox 691 3973 933 4030; x_wconf 74' lang='lat' dir='ltr'><strong>charactereder</strong></span> <span class='ocrx_word' id='word_1_148' title='bbox 948 3972 1154 4028; x_wconf 81' lang='lat' dir='ltr'><strong>vornehmsten</strong></span> <span class='ocrx_word' id='word_1_149' title='bbox 1170 3971 1294 4027; x_wconf 82' lang='lat' dir='ltr'><strong>Dichter</strong></span> 
     </span>
    </p>
   </div>
   <div class='ocr_carea' id='block_1_7' title="bbox 208 4056 1293 4215">
    <p class='ocr_par' dir='ltr' id='par_1_7' title="bbox 208 4056 1293 4215">
     <span class='ocr_line' id='line_1_25' title="bbox 218 4056 1293 4200; baseline 0 -88"><span class='ocrx_word' id='word_1_150' title='bbox 218 4059 250 4112; x_wconf 85' lang='lat' dir='ltr'><strong>in</strong></span> <span class='ocrx_word' id='word_1_151' title='bbox 266 4057 449 4200; x_wconf 39' lang='lat' dir='ltr'><strong>fibulis&amp;</strong></span> <span class='ocrx_word' id='word_1_152' title='bbox 465 4077 502 4113; x_wconf 82' lang='lat' dir='ltr'><strong>za</strong></span> <span class='ocrx_word' id='word_1_153' title='bbox 518 4059 641 4118; x_wconf 74' lang='lat' dir='ltr'><strong>sonora</strong></span> <span class='ocrx_word' id='word_1_154' title='bbox 657 4061 781 4118; x_wconf 85' lang='lat' dir='ltr'><strong>Theorie</strong></span> <span class='ocrx_word' id='word_1_155' title='bbox 798 4063 849 4117; x_wconf 80' lang='lat' dir='ltr'><strong>der</strong></span> <span class='ocrx_word' id='word_1_156' title='bbox 870 4058 998 4117; x_wconf 71' lang='lat' dir='ltr'><strong>senonen</strong></span> <span class='ocrx_word' id='word_1_157' title='bbox 1017 4060 1142 4128; x_wconf 77' lang='lat' dir='ltr'><strong>Kunsle,</strong></span> <span class='ocrx_word' id='word_1_158' title='bbox 1164 4066 1239 4114; x_wconf 85' lang='lat' dir='ltr'><strong>torn.</strong></span> <span class='ocrx_word' id='word_1_159' title='bbox 1254 4056 1293 4112; x_wconf 85' lang='lat'><strong>11.</strong></span> 
     </span>
     <span class='ocr_line' id='line_1_26' title="bbox 208 4137 1140 4215; baseline 0 -15"><span class='ocrx_word' id='word_1_160' title='bbox 208 4137 250 4215; x_wconf 75' lang='lat' dir='ltr'><strong>&#39;p0</strong></span> <span class='ocrx_word' id='word_1_161' title='bbox 285 4147 301 4200; x_wconf 79' lang='lat'><strong>5</strong></span> <span class='ocrx_word' id='word_1_162' title='bbox 325 4172 361 4188; x_wconf 90' lang='lat'><strong>·-</strong></span> <span class='ocrx_word' id='word_1_163' title='bbox 402 4165 428 4203; x_wconf 86' lang='grc' dir='ltr'><strong>ο.</strong></span> <span class='ocrx_word' id='word_1_164' title='bbox 1136 4137 1140 4148; x_wconf 69' lang='grc'><em>“</em></span> 
     </span>
    </p>
   </div>
   <div class='ocr_carea' id='block_1_8' title="bbox 0 0 1347 4756">
    <p class='ocr_par' dir='ltr' id='par_1_8' title="bbox 0 0 1347 4756">
     <span class='ocr_line' id='line_1_27' title="bbox 0 0 1347 4756; baseline 0 0"><span class='ocrx_word' id='word_1_165' title='bbox 0 0 1347 4756; x_wconf 95' lang='lat' dir='ltr'><strong> </strong></span> 
     </span>
    </p>
   </div>
  </div>
 </body>
</html>
