2676 4756
457 302 461 312 .
600 274 672 336 ¹.···
721 262 773 357 30
823 246 907 304 -’

208 454 335 533 verbis
360 451 562 541 divinatur,
588 448 691 541 fore,
716 459 761 519 ut
785 447 829 518 lo
854 447 1058 538 erroribus,
1083 448 1148 542 qui
1172 472 1289 520 accu-

209 576 327 649 ratius
354 582 392 641 et
415 569 554 658 fusius,
592 594 709 662 quam·
728 591 797 662 per
829 568 956 660 poesis
991 570 1152 661 tragicae
1186 571 1289 665 leges

208 696 335 781 licuit,
377 689 659 781 describuntur,
699 685 896 783 aliquando
922 687 1119 777 absolutis,
1159 713 1289 763 sanam

210 822 376 884 mentem
409 817 624 899 recuperet,
667 815 706 875 et
737 805 778 872 in
795 796 980 897 'Aegypto
1014 803 1134 895 filium
1166 810 1291 902 pariat

110 968 115 973 ·
209 927 428 1024 Epaphum,
453 936 596 1014 terrae,
622 924 734 994 Delta
757 921 912 991 nomine
935 922 1112 1016 insignis,
1146 950 1289 1020 regem,

210 1073 260 1121 ex
293 1044 397 1136 cujus
430 1044 611 1136 progenie
641 1054 814 1135 tempore
847 1052 951 1110 certo
986 1045 1191 1134 praeterito
1218 1047 1291 1116 sibi

210 1175 385 1239 nascatur
417 1161 608 1232 liberator.
672 1158 796 1254 Atque
829 1159 871 1228 in
903 1158 976 1228 hoc
1011 1184 1217 1252 congressu
1252 1178 1290 1237 et

151 1344 155 1348 .
210 1282 407 1370 vaticinio,
446 1304 558 1373 quam
588 1291 721 1373 poetae
754 1277 974 1370 sapientiam
1004 1275 1105 1346 haud
1137 1285 1290 1355 medio-

212 1427 314 1476 crem
339 1401 423 1492 jure
446 1400 624 1488 dixeris,
641 1399 719 1468 duo
744 1407 832 1468 sunt
857 1397 1178 1473 animadversione
1210 1432 1289 1478 non

211 1523 378 1613 indigua.
426 1515 524 1589 Nam
558 1517 660 1610 quod
691 1517 796 1588 Ionis
828 1539 979 1584 errores
1010 1520 1193 1615 perlonga
1217 1520 1289 1596 do.

213 1639 429 1712 scribuntur
453 1637 623 1706 oratione
647 1633 695 1707 V.
717 1633 935 1725 737-767.
960 1620 1188 1733 ihs—901,
1216 1669 1290 1739 qna

82 1817 94 1825 „
210 1761 311 1831 bona
343 1776 432 1847 pars
462 1754 607 1824 fabulae
641 1755 832 1848 expletur,
870 1754 911 1823 id
944 1778 1029 1825 cum
1054 1781 1075 1826 a
1098 1765 1291 1854 tragoedia

140 1938 144 1943 .
213 1877 318 1950 omni
350 1863 532 1964 alienum,
569 1886 653 1944 tum
692 1874 840 1943 fabulae
870 1886 1020 1944 nostrae
1062 1880 1291 1970 simplicitati

212 2020 292 2069 non
318 2005 609 2065 cousentaneum
636 2016 717 2062 esse
741 1994 867 2085 primo
892 1996 1025 2064 obtutu
1054 1997 1297 2090 intelligitur:

189 2090 330 2206 =erod
359 2113 407 2205 ab
441 2111 639 2200 affinitate,
675 2113 878 2182 dramatico
903 2137 996 2204 quae
1029 2126 1151 2186 estet
1181 2120 1288 2210 cpico

211 2233 361 2330 generi,
399 2231 499 2323 quod
526 2240 562 2298 et
595 2230 860 2301 verbositatem
886 2231 1070 2322 quandam
1096 2244 1136 2303 et
1163 2236 1290 2303 inter-

211 2354 352 2448 positas
378 2373 507 2418 rerum
532 2359 722 2440 gestarum
747 2350 951 2421 alienarum
967 2350 1202 2449 narrationes
1214 2377 1288 2424 ve-

211 2472 409 2544 hementer
433 2467 600 2556 adamat,
624 2479 668 2536 ut
693 2478 804 2536 antea
828 2472 1038 2562 expositum
1064 2481 1140 2559 est,
1166 2472 1290 2563 repeti

213 2590 333 2661 debet
384 2585 517 2678 Neque
531 2583 738 2678 Aeschylus
762 2587 831 2656 hac
857 2590 898 2657 in
922 2613 965 2658 re
991 2601 1105 2658 cauta*
1121 2588 1289 2659 circum·

211 2705 407 2804 spicientia
429 2715 606 2796 rectoque
630 2705 769 2796 judicio
795 2731 883 2776 usus
910 2719 977 2778 est.
1026 2707 1160 2800 Longe
1184 2709 1287 2777 enim

211 2830 285 2898 alia
306 2826 404 2896 ratio
430 2835 491 2893 eat
520 2825 763 2914 narrationis,
795 2851 906 2920 quam
937 2828 1036 2919 apud
1061 2826 1286 2918 Sophoclem

209 2947 388 3021 ludorum
412 2941 684 3034 Delphicorum
717 2945 866 3016 Orestis
893 2945 1131 3039 paedagogus
1171 2947 1288 3017 tradit

57 3094 62 3103 ·
168 3080 171 3084 '
211 3059 377 3159 (Eleon.
406 3059 455 3132 V.
491 3059 761 3158 fibo—765).
824 3063 909 3133 Nan
941 3075 986 3132 ut
1023 3065 1093 3132 alia
1126 3063 1287 3136 duarum

210 3183 425 3255 creticam
443 3179 656 3251 discrimina
679 3195 879 3273 taceamus,
902 3182 982 3253 ludi
997 3183 1172 3276 Delphici
1195 3194 1286 3252 tan-

208 3312 250 3372 ra
281 3300 331 3369 in·
355 3297 516 3369 Graecia
533 3306 657 3372 'erant
688 3303 917 3392 celebritate,
955 3313 1058 3372 tauta
1091 3300 1283 3394 dignitate,

211 3430 258 3490 ut
288 3419 743 3511 omnimo-'spectatorum
773 3422 990 3513 interesset,
1024 3408 1156 3492 corum
1189 3444 1284 3490 nar-

210 3538 396 3608 rationem
420 3538 569 3630 audire3
605 3539 766 3610 libenter
795 3542 910 3633 igitur
936 3553 974 3612 et
998 3541 1151 3633 cupide,
1189 3563 1284 3633 quae

211 3656 419 3749 Sophoclea
442 3655 590 3726 Electra
614 3659 847 3753 paedagogus
873 3661 1056 3753 exposuit,
1083 3659 1127 3727 ab
1155 3659 1282 3728 omni-

210 3775 294 3863 bus,
322 3775 385 3867 qui
411 3775 595 3866 adessent,
621 3777 905 3869 accipiebantur.
959 3777 1062 3868 Quid
1087 3789 1212 3847 autem
1236 3776 1283 3846 ad

213 3893 398 3984 Graecos,
425 3894 597 3987 obsecro,
631 3895 805 3990 Scythiae
830 3895 1027 3987 nomades,
1062 3897 1152 3990 quid
1176 3896 1282 3979 Cha-

209 4011 333 4106 lybes,
374 4012 582 4113 Caucasus,
616 4009 841 4104 Amazones,
889 4014 980 4113 quid
1022 4014 1284 4104 Cimmericus,

173 4218 178 4222 ἢ
213 4132 333 4227 campi
349 4131 524 4223 Ciotheib
547 4132 766 4228 Phorcidos,
790 4129 980 4229 Arimaspi
1002 4143 1048 4207 et.
1063 4133 1137 4217 hoc
1161 4153 1281 4226 genus
