2676 4756
513 270 769 345 ...24-

106 461 277 556 Namqne
298 459 333 530 si
355 460 456 534 virili
475 440 607 554 populi
629 460 783 551 alicujus
806 471 925 529 aetate
953 483 1015 531 res
1039 470 1179 555 gestae,

106 604 197 676 quas
212 579 370 670 juvenili
382 580 479 671 epici
492 592 626 672 poetae
640 591 930 672 proposuerunt,
939 582 1074 648 iterum
1081 606 1181 671 pro-,-

106 698 194 769 duci
208 697 365 786 debent,
391 722 518 768 earum
532 701 716 768 memoria
728 723 807 766 non
821 709 898 767 tam
915 709 972 766 est
989 716 1121 767 recens
1134 723 1183 777 ac

105 816 233 906 firma,
259 826 302 884 ut
322 841 426 885 mera
446 829 644 908 poetarum
666 816 880 885 narratione
902 817 942 882 in
965 841 1118 884 succum
1144 826 1185 885 et

106 937 325 1028 sanguinem
341 935 571 1004 audientium
586 937 754 1007 converti
778 946 923 1026 queant
978 934 1082 1023 Quid
1105 936 1182 1026 igi-
1221 973 1224 985 ·

108 1051 201 1127 tur?
241 1055 460 1141 subvenitur
484 1055 687 1122 memoriae
716 1065 865 1145 praeter
884 1053 1052 1121 auditum
1078 1055 1182 1124 visus

110 1199 234 1246 sensu.
286 1173 345 1240 lta
359 1185 484 1255 autem
499 1171 563 1255 fit,
588 1184 631 1240 ut
645 1197 839 1264 personae,
866 1173 912 1246 de
928 1173 1062 1264 quibus
1074 1174 1185 1265 poesi

112 1293 378 1386 exponendum
392 1303 484 1380 erat,
504 1291 544 1358 in
561 1302 811 1381 conspectum
814 1289 1008 1381 prodeant,
1021 1303 1065 1359 ut
1079 1295 1185 1384 ipsae

41 1404 47 1411 ’
108 1412 437 1547 spectatoribuage
451 1409 660 1498 ostendant,
671 1434 776 1476 suam
791 1420 955 1503 mentem
971 1410 1072 1500 ipsae
1088 1434 1185 1501 ape

301 1531 324 1545 '⁰
347 1610 364 1633 .¹
455 1533 461 1541 '
507 1552 592 1595 cum
608 1528 689 1596 aliis
705 1537 826 1619 agant,
851 1538 894 1594 ut
912 1528 1073 1620 denique
1092 1554 1185 1621 spe·
1240 1538 1244 1543 ’

109 1660 291 1737 ctatores,
317 1656 377 1716 at
414 1650 543 1738 pore,
570 1645 707 1739 dequo
732 1645 875 1738 agitur,
901 1647 1012 1714 nimis
1034 1650 1185 1738 remoti,

111 1768 183 1845 toti
207 1768 311 1860 quasi
335 1766 569 1857 abripiantur
593 1790 615 1833 a
637 1789 703 1832 sua
718 1775 836 1839 aetate
853 1775 892 1834 et
908 1765 1060 1834 vivendi
1077 1767 1185 1860 cogi-

108 1886 287 1979 tandique
301 1883 454 1954 modulo
469 1908 558 1972 suo,
584 1893 695 1974 atque
709 1883 757 1951 ad
778 1907 908 1952 rerum
929 1895 1118 1975 gestarum
1135 1895 1184 1954 et

108 2006 304 2098 regionem
321 2013 360 2070 et
374 2013 522 2093 tempas
538 2012 672 2093 poetae
696 1999 854 2069 artificio
875 1996 1118 2077 traducantur
1136 1999 1185 2097 ⁴).

9 2154 12 2163 ·
108 2121 171 2195 En
187 2123 356 2193 videmus
370 2122 496 2213 poesis
513 2121 733 2187 dramaticae
749 2121 945 2209 originem,
956 2145 1003 2188 ex
1019 2124 1185 2192 imatum

108 2242 244 2311 mentis
273 2240 458 2328 humanae
489 2248 571 2306 tum
597 2237 721 2328 poesis
754 2246 886 2308 natam,
908 2248 1051 2306 natura.
1102 2239 1200 2327 Jarn¹

30 2436 33 2443 ,
96 2363 229 2452 -qunm
242 2358 338 2426 nihil
355 2357 527 2443 omnino,
555 2355 654 2447 quod
672 2379 720 2423 ex
736 2355 896 2447 quodam
912 2356 984 2427 alio
1003 2358 1184 2447 exoritur,

108 2477 237 2549 statim
253 2485 340 2568 post
363 2486 493 2543 natum
516 2484 593 2551 tam
623 2472 790 2562 ejusdem
819 2485 878 2542 est
908 2473 1106 2562 dissimile,
1126 2486 1187 2546 ut

108 2595 305 2688 utriusque
321 2591 536 2661 affinitatem
551 2592 846 2664 animadvertere
859 2615 1041 2695 nequeas,
1068 2593 1185 2662 intel-

109 2711 261 2807 ligitur,
283 2714 416 2806 poesin
431 2710 670 2794 dramaticam
694 2711 811 2781 initio
824 2711 872 2797 ad
894 2721 1036 2790 tantam
1058 2736 1186 2780 acces·-

112 2832 206 2901 sisse
220 2832 346 2924 epicae
361 2831 661 2919 similitudinem,
688 2842 731 2900 ut
749 2829 826 2920 ejus
844 2841 1062 2923 quau-osset¹
1076 2841 1115 2899 et
1133 2831 1186 2908 il«,-

111 2947 184 3020 lius
200 2951 371 3042 cognatio
387 2949 530 3053 nemini
544 2973 622 3019 nou
636 2951 765 3022 videre
780 2948 899 3017 liceat.
950 2944 1074 3040 Atque
1093 2949 1187 3019 haec

114 3066 155 3138 in
176 3093 220 3137 eo
236 3070 397 3137 maxime
415 3080 471 3137 est
489 3070 708 3161 conspicua,
734 3068 835 3162 quod
846 3067 1048 3159 longiores,
1075 3093 1187 3160 quam

115 3188 182 3280 qui
208 3187 373 3258 dramati
389 3188 536 3268 exculto
563 3189 812 3276 conveniunt,
845 3187 970 3290 ⁸nectit
993 3208 1187 3259 sermones

115 3298 241 3398 (quam
257 3306 517 3388 verbositatem
532 3308 715 3400 quandam
732 3307 874 3398 epicam
884 3299 1067 3397 dicimus),
1087 3303 1188 3398 quod

81 3441 88 3454 ¹
113 3424 303 3517 personis,
329 3436 372 3505 ut
389 3437 444 3495 est
459 3426 499 3493 in
516 3427 622 3517 epico
637 3448 794 3519 genere,
819 3424 947 3516 longas
966 3435 1188 3515 ornatasque

117 3555 448 3634 rerumgestarum
468 3545 699 3614 narrationes
724 3525 875 3634 tribuit,
902 3544 1002 3637 quod
1026 3543 1188 3634 deniquo

117 3660 307 3754 tragoedia
338 3662 385 3730 ad
403 3659 649 3740 artificiosam
681 3664 846 3755 partium
864 3663 1188 3756 ¹compositionem

187 3901 215 3973 ⁴)
238 3903 435 3972 Discrimina,
460 3905 666 3981 qnodepicam
684 3917 713 3964 et
729 3908 915 3980 dramaticam
940 3906 1041 3980 poesin
1064 3906 1190 3975 interce-

118 3987 171 4057 dit,
189 3991 351 4064 exemplum
369 3990 550 4048 luculentum
565 3994 692 4063 videbis,
709 3995 732 4049 si
751 3994 880 4049 Calcdasi
891 3993 1085 4057 Sacontalam,
1103 3992 1191 4046 sabu-

119 4075 196 4144 lam,
223 4095 290 4179 cum
308 4080 388 4154 opica
405 4079 532 4153 ejusdem
554 4079 621 4138 lacti
644 4082 826 4139 enarratione
844 4079 1088 4138 Mahahharatana
1104 4097 1189 4136 com·
1216 4079 1222 4087 ’

118 4178 277 4235 paraveras.
341 4219 345 4225 ,
