2676 4756
321 1294 323 1299 ’
437 1258 887 1427 Parnassio,

124 1622 216 1739 Per
239 1662 396 1761 longum
419 1670 569 1760 tempus
593 1664 637 1737 in
651 1690 696 1739 eo
720 1663 907 1762 imprimis
931 1665 1198 1742 laboraverunt

125 1783 330 1880 philologi,
370 1792 422 1856 ut·
445 1804 517 1878 per
547 1797 754 1857 accuratam
779 1787 837 1856 rei
868 1787 1128 1881 grammaticae
1160 1799 1199 1859 et

124 1901 445 1997 lexicographieae
469 1901 766 1994 disquisitionem
792 1914 830 1974 et
855 1904 1126 1999 expositionem
1150 1908 1199 1983 ad

127 2021 353 2113 scriptorum
367 2028 587 2115 graecorum
602 2044 717 2114 opera
740 2020 982 2115 intelligenda
995 2022 1197 2097 lectoribus

127 2139 268 2209 aditum
290 2140 557 2234 patefacerent.
606 2133 729 2230 Atque
747 2160 821 2231 quo
834 2151 897 2210 cst
912 2139 1049 2209 certius
1068 2152 1107 2211 et
1124 2166 1196 2215 ex-

123 2255 321 2352 ploratius,
344 2256 573 2351 populorum
585 2256 825 2351 antiquorum
840 2254 1034 2349 ingenium
1052 2267 1196 2332 totam-

124 2399 200 2470 que
208 2374 370 2466 vivendi,
386 2372 572 2470 cogitandi
587 2372 795 2467 agendique
809 2375 994 2469 rationem
1008 2397 1030 2444 a
1045 2378 1198 2452 nemina

124 2517 237 2590 posse
261 2492 448 2589 cognosci,
472 2491 548 2563 nisi
567 2491 632 2587 qui
655 2491 828 2581 ferinam,
853 2515 927 2584 qua
943 2503 1001 2563 est
1014 2483 1195 2590 involuta,

123 2613 380 2708 perspexerit,
406 2634 451 2681 eo
466 2609 591 2681 minus
612 2611 656 2681 in
671 2607 1004 2704 reprehensionem
1028 2610 1197 2688 incidere

123 2743 302 2828 possunt,
336 2729 402 2823 qui
430 2725 504 2798 hoc
527 2725 848 2822 propugnaculum
881 2727 1046 2819 primum
1071 2753 1194 2826 expu-
1233 2804 1238 2815 ,

123 2851 315 2946 gnandum
348 2872 429 2920 esse
461 2858 635 2943 putantes
668 2847 710 2915 in
744 2867 789 2915 eo
821 2843 1050 2938 antiquitatis
1080 2854 1195 2926 studii
1292 2882 1294 2887 ⁸

123 2972 275 3041 initium
298 2967 509 3041 laciendum
533 2964 647 3060 idque
678 2965 744 3035 diu
775 2962 1009 3058 multumque
1041 2974 1193 3045 tractari

123 3090 263 3175 debere
287 3097 496 3160 censerent.
543 3084 590 3156 Id
622 3080 747 3158 autem
770 3095 815 3157 ut
839 3083 894 3153 illi
922 3097 1025 3158 recte
1049 3112 1193 3191 suoque

124 3211 208 3304 jure
230 3206 429 3301 jubebant,
461 3205 514 3278 ita
538 3206 728 3278 nonnullis
752 3204 970 3276 nominibus
1004 3205 1032 3276 ii
1057 3211 1193 3281 acriter

124 3326 363 3421 vituperandi
394 3347 477 3397 esse
499 3323 695 3417 ridentur,
729 3325 794 3421 qui
823 3323 1035 3418 linguarum
1067 3328 1192 3399 studio

123 3447 336 3540 antiquitati
357 3443 620 3538 intelligendae
635 3443 807 3517 satisfieri
828 3442 900 3513 sibi
914 3460 1192 3537 persuaserunt.

124 3566 361 3662 Quamquam
392 3563 494 3636 enim
526 3563 765 3660 grammatica
798 3571 837 3634 et
868 3583 963 3654 quae
996 3562 1033 3632 ei
1063 3563 1192 3638 affines
1253 3596 1256 3603 ⁴

123 3696 215 3757 sunt
237 3684 453 3782 disciplinae
477 3684 786 3780 conjunctaeque,
812 3680 974 3776 optimae
995 3694 1083 3755 sunt
1097 3708 1191 3755 acu·
1267 3776 1273 3791 ι

124 3805 237 3876 minis
262 3816 300 3878 et
322 3802 466 3900 ingenii
491 3802 603 3877 duces
619 3805 901 3900 magistraeque,
925 3809 1063 3894 tamem
1089 3814 1191 3875 certe

123 3924 158 3992 'si
182 3949 336 4020 graecae
359 3946 613 4019 romanaeque
638 3923 869 4019 antiquitatis
884 3919 1049 3991 studium
1064 3922 1190 4015 respi-

127 4043 199 4136 cis,
226 4065 391 4115 casnon
415 4043 490 4114 nisi
514 4044 555 4114 in
579 4041 783 4139 propylaeo
807 4041 974 4111 habitare
998 4039 1190 4134 fatendum

127 4174 192 4237 est
239 4164 329 4245 Duo
354 4164 447 4239 mro
471 4174 578 4256 sunt,
604 4162 750 4259 quibus,
774 4160 887 4233 modo
911 4159 988 4231 sint
1010 4158 1095 4230 illae
1120 4157 1191 4229 ad-

769 4288 772 4293 .
933 4272 987 4358 1,

1181 4362 1314 4472 *a
