2676 4756
533 230 923 375 §-m-f

123 491 284 585 Restat,
317 501 361 566 ut
384 487 569 587 promisso
594 498 735 583 stetur,
765 488 866 587 quod
890 489 931 563 in
956 489 1205 588 disputatim

127 613 179 684 dc
196 610 360 706 partium
373 609 521 682 fabulae
536 609 949 705 compositione'datum
963 620 1029 682 est
1075 613 1204 702 Quum

130 730 235 803 enim
255 725 406 800 Chorus
432 726 596 799 carmine
619 725 753 798 melico
780 719 843 820 (V.
860 723 1104 823 405-445.)
1126 729 1203 802 ho-

128 849 278 920 minum
317 844 487 919 dolorem
525 844 743 918 Promethei
779 868 888 917 causa
919 854 1134 941 susceptum
1167 859 1206 922 et

128 962 425 1038 misericordiam
449 960 663 1056 cecinisset,
702 960 767 1037 ille
791 962 930 1035 diserte
954 972 994 1037 et
1016 965 1207 1038 uberrime
1250 956 1253 965 ’

128 1093 230 1154 artes
272 1090 444 1171 enarrat,
502 1103 594 1176 quas
611 1126 617 1133 ·
634 1103 754 1177 genus
792 1079 998 1153 humanum
1037 1081 1209 1158 docuerit

131 1196 196 1298 (V.
214 1191 459 1293 asc-515).
509 1199 634 1291 Quam
653 1199 900 1274 enarrationis
916 1209 955 1272 et
970 1200 1206 1275 iterationem

129 1318 367 1413 frequentem
383 1309 423 1391 et
440 1316 669 1411 ubertatem,
692 1340 806 1414 supra
819 1317 1088 1412 vituperatum,
1109 1342 1209 1414 pro·

89 1438 95 1447 '
130 1446 262 1532 pterea
278 1446 429 1532 poetam
444 1435 637 1508 minuisse
653 1457 874 1532 persuasum
888 1434 1080 1530 habemus,
1106 1435 1208 1532 quod

131 1555 173 1627 in
203 1551 400 1651 beneficiis
433 1553 508 1627 illis
543 1563 583 1627 et
612 1576 737 1648 poena
767 1577 900 1627 eorum
931 1575 1042 1629 cause
1071 1553 1211 1627 luenda

131 1673 248 1769 totins
265 1671 413 1755 fabulae
435 1681 620 1769 punctum
641 1671 737 1746 ferri
759 1671 967 1765 intellexit,
993 1682 1033 1745 et
1056 1684 1208 1768 spectu-

132 1791 279 1865 torsstus
311 1791 360 1865 ad
387 1779 620 1887 §concidatur
643 1789 921 1867 commovendis
945 1788 1010 1861 illa
1026 1790 1118 1886 ¹plus
1141 1813 1225 1864 se·-
1316 1812 1320 1819 ·

132 1910 209 1983 mel
237 1910 435 2010 propinari
468 1919 507 1982 et
536 1930 650 2004 posse
683 1917 723 1982 at
762 1907 901 1979 debere
933 1908 1110 2003 opinatus
1140 1920 1212 1985 esta

133 2027 265 2125 Itaque
297 2027 401 2125 quod
430 2046 512 2099 non
541 2025 659 2098 mtrltr
689 2025 732 2097 in
763 2024 835 2097 hac
864 2023 990 2097 fabula
1029 2037 1216 2121 aguntur,

138 2148 409 2244 siquidem-ut
426 2143 614 2219 Schuetuii
637 2143 771 2218 verbis
786 2153 937 2215 utamur
959 2136 1093 2215 Aesoh.
1120 2143 1212 2217 edit.

137 2277 227 2341 torn.
240 2266 291 2340 11.
322 2289 361 2365 p.
380 2285 487 2356 rra,
520 2285 564 2334 ea
595 2272 742 2335 tantum
773 2261 813 2333 in
839 2283 950 2333 scena
974 2261 1034 2357 agi
1056 2261 1215 2357 proprie

142 2385 257 2480 dicas,
299 2408 393 2482 quae
425 2379 559 2479 quibus
592 2380 711 2452 causis
745 2379 939 2471 eveniant,
980 2380 1058 2452 suis
1085 2381 1215 2476 ¹ipsius

143 2503 267 2585 ooulia*¹
279 2514 409 2577 cernat
431 2510 637 2597 spectator,
661 2518 741 2571 non
764 2521 814 2573 ex
838 2497 998 2601 aliorum
1014 2498 1130 2571 -dictis
1145 2499 1214 2569 ina

86 2622 90 2633 '
145 2621 299 2718 telligit,
324 2621 364 2694 id
388 2621 595 2717 primarum
618 2618 781 2712 partium
805 2618 1005 2712 gravime,
1030 2617 1216 2716 dignitate

149 2749 183 2815 st
204 2740 407 2824 eminentia
429 2757 670 2836 compensare
695 2757 849 2834 operam
872 2735 987 2811 dedit.
1108 2818 1113 2825 ,
