2676 4756
482 305 737 381 *25³2

713 427 719 460 l

68 499 245 579 nondum
268 493 438 587 assurgit.
489 493 547 563 Ea
574 495 719 586 omnia,
734 568 737 575 ,
753 518 848 590 quae
871 498 977 591 spico
1008 517 1142 596 poetae
1257 525 1262 569 ,·

66 618 174 691 laudi
190 625 297 703 sunt,
323 614 365 682 in
386 612 584 682 dramatico
601 636 739 706 genere
753 617 844 687 vitia
860 617 942 707 jure
958 621 1143 696 dicuntur.

67 737 178 809 Haec
203 735 316 826 igitur
341 721 508 801 est'artis
534 729 753 825 dramaticae
777 738 946 827 pueritia.
1004 740 1145 819 locirco

67 879 150 925 non
164 855 332 945 negatur,
358 847 593 942 Aeschylum,
622 848 689 944 qui·
701 864 796 923 teste
807 851 1007 927 Aristotele
1025 855 1145 951 (Poet.

68 973 140 1045 IV.
159 972 215 1040 etl.
241 969 410 1039 Laemar.
435 968 594 1068 tom.11.
620 993 656 1060 p.
683 971 766 1058 795.
791 967 849 1064 B.)
874 965 918 1045 τό
943 971 1146 1075 ὑποκριτῶν

68 1089 217 1188 πλῆθος
242 1093 277 1172 ἐξ
304 1081 381 1171 ἑνός
408 1089 457 1168 εἰς
485 1077 549 1160 tio
576 1084 684 1183 ἤγαγε
709 1090 768 1163 καὶ
793 1082 842 1163 coi
867 1093 939 1173 τοῦ,
960 1097 1072 1192 χοροῦ
1104 1093 1147 1196 ἦ.

68 1201 237 1282 laicanae
264 1210 322 1281 καὶ
346 1199 411 1283 τόν
436 1199 542 1300 λόγον
567 1206 1144 1312 πρωιαγωνίστοιιπαρεσκεύασε,

69 1339 108 1400 et
116 1327 278 1397 Horatio
289 1327 509 1398 testificante
517 1327 635 1420 Epist.
646 1329 693 1398 ad
708 1331 862 1402 Pisones
874 1332 920 1404 V.
931 1316 1143 1423 2784280.

73 1490 76 1495 ’
120 1533 175 1550 -
198 1534 253 1548 -
276 1520 457 1590 personae
476 1490 674 1595 pallaeque
683 1480 857 1599 reperto}
859 1474 1091 1575 litlncstae

75 1620 81 1629 ’
120 1656 174 1670 --
198 1653 252 1667 --
276 1610 442 1685 modicis
458 1616 637 1686 instruxit
655 1612 799 1712 pulpita
821 1610 962 1715 tig'his

120 1700 172 1808 Et
186 1736 314 1806 docuit
327 1736 574 1828 magnumque
590 1734 700 1829 loqui
713 1739 855 1844 nitique·
873 1740 1070 1811 cothurno.

68 1906 315 1979 etaGraecis
332 1899 532 2004 (Philostr.
549 1905 596 1979 V.
600 1874 657 1976 A
675 1908 741 1979 VI.
765 1931 821 1979 ιιι
847 1935 883 2004 p.
900 1907 1002 2008 245)
1023 1939 1146 2012 necao

70 2024 273 2121 τραγῳδίας
290 2026 516 2113 nominatur,
537 2029 610 2119 qui,
629 2039 672 2096 ut
685 2028 796 2099 breti
811 2029 971 2118 dicatur,
987 2041 1147 2127 tragoe-

71 2144 173 2213 diam
186 2146 351 2244 primus,
347 2143 518 2239 excoluit,
546 2168 623 2212 non
639 2169 843 2241 immunem
858 2149 902 2214 ab
919 2151 1032 2239 omni,
1054 2172 1148 2242 quae

70 2263 162 2332 artis
195 2262 302 2330 initio
333 2234 535 2329 adhaerere
569 2261 699 2350 solet,
716 2262 798 2361 labe
820 2265 976 2361 fuisse,
990 2278 1148 2362 negatur

68 2393 195 2450 autem
218 2380 321 2473 jure,
349 2377 427 2467 ejus
452 2388 569 2448 artem
590 2379 774 2471 puerilem
795 2368 826 2473 ⁵)
852 2394 955 2452 recte
979 2384 1148 2481 compel-

67 2498 149 2569 lari.
168 2494 325 2591 Atque
343 2497 468 2594 epicus
485 2490 759 2594 tragoediarum
774 2492 1150 2594 Aeschylearuin
1080 2527 1148 2571 co-

68 2617 185 2707 lor,
173 2639 215 2684 ιι]
239 2616 463 2715 contexendi
486 2615 723 2709 simplicitate
741 2627 778 2686 et
801 2616 1032 2713 longioribus
1057 2642 1149 2717 nar-

69 2715 278 2807 rationibus
297 2736 517 2828 conspicuus
535 2735 687 2834 alteram
704 2735 815 2815 habet
830 2760 976 2805 causam
993 2763 1077 2835 cum
1094 2762 1149 2849 ea,

71 2879 204 2951 quac
183 2853 295 2951 modo
311 2863 465 2953 tractata
482 2863 554 2943 est,
581 2838 786 2949 arctissime
803 2855 1055 2953 conjunctam,
1080 2879 1149 2964 re·
1166 2852 1168 2857 ’

71 2974 165 3044 etius
193 2940 345 3041 ‹lixeris
357 2945 512 3041 eandem
536 2964 639 3040 ad
605 2997 775 3065 graecam
803 2975 936 3065 poesin
968 2951 1150 3062 tralatam,

72 3091 299 3162 dramatrcae
315 3114 439 3182 poesis
457 3089 555 3184 apud
573 3088 737 3160 Graecos
756 3092 948 3183 originem.
975 3090 1072 3160 Nam
1087 3090 1152 3185 qui
1208 3100 1211 3104 ’

73 3208 583 3303 antiquissimis.temporibus
599 3207 672 3277 huc
688 3209 776 3277 illuc
786 3210 1150 3304 circumvagarentur

74 3325 256 3429 ῥαψῳδοὶ,
284 3331 446 3398 carmina
468 3326 669 3396 Homerica
696 3327 939 3398 'etraliorum'
960 3330 1152 3409 interdum

62 3451 186 3518 ctiam
205 3470 271 3529 sua
289 3456 487 3535 cantantes,
514 3457 610 3538 post,
621 3443 778 3515 *mutatis
798 3468 881 3515 cum
896 3449 1150 3544 temporara-

73 3566 156 3655 bus‚
182 3563 270 3632 facti
287 3577 375 3634 sunt
389 3553 588 3663 τρὰγῳδοὶ,
615 3566 678 3658 qui
695 3563 841 3634 hircum
860 3577 896 3635 et
915 3552 1073 3646 ficorum
1088 3575 1150 3654 at-

73 3686 234 3757 ticarum
248 3685 442 3755 modulum
456 3684 622 3778 praemio
637 3682 773 3754 laboris
786 3664 1148 3778 srmrptuumqueaoss

149 3944 179 4014 ⁵)
206 3943 239 3998 si
264 3940 398 4014 Aeschyli
423 3941 585 4016 tragoetliac
599 3941 762 3998 conamina
786 3942 911 4015 puerilis
928 3939 1152 3999 Atheniensibus

78 4032 141 4086 visa
145 4038 263 4099 essent,
281 4034 382 4084 'eo'rnm
401 4031 517 4085 comitia
535 4031 610 4084 certe
627 4048 698 4084 non
706 4029 896 4084 decrevissent
912 4029 983 4082 scito
1001 4047 1034 4082 ac
1050 4027 1152 4098 jus'sis‘·

78 4127 156 4187 sent,
175 4118 239 4172 illas
258 4125 343 4190 poeta
359 4119 478 4171 mortuo
488 4116 595 4172 doceri
627 4117 729 4188 'Cujus
736 4116 780 4171 rei
797 4116 875 4170 testis
893 4125 934 4170 est
943 4113 1101 4172 Scholiasta
1114 4110 1151 4167 sd

79 4203 230 4278 Aristoph.
246 4201 374 4310 Acbsrn.
391 4205 428 4260 V.
449 4223 490 4259 ιο.
927 4230 930 4237 ·
