2676 4756
532 234 887 355 -'13·-‘

130 470 255 545 1828.¹
268 471 369 544 edito
386 468 611 543 lineamenta
624 467 822 566 prosodiae
836 468 1069 564 germanicae
1082 497 1196 569 egre-

126 592 186 688 gie
210 584 465 661 adumbrantia
491 594 530 662 et'
552 612 601 662 ex
613 588 808 683 principiis
828 587 1055 683 deducentis,
1080 578 1197 665 utan-

126 721 190 783 tur
214 708 398 802 exemplis
421 732 471 780 ex
493 704 750 800 Klopstockii,
784 704 1025 801 Vossiorum‚
1059 709 1127 783 Fr.
1149 709 1197 785 Α.

129 823 284 916 Wolfii,
309 822 354 897 A.
379 825 428 905 G.
453 823 650 920 Schlegelii
671 817 931 918 (Herobkunst
955 826 1023 899 der
1038 817 1197 903 Goettin

129 944 262 1039 Ganga
285 967 418 1039 poema
442 967 490 1015 ex
514 942 718 1035 Rnnrejans
747 940 789 1009 in
820 939 1058 1016 hexametros
1084 970 1197 1041 egre-

127 1063 209 1161 gios
231 1060 408 1135 uelatum
431 1059 514 1132 Ind.
539 1060 714 1133 Biblioth.
740 1084 778 1155 p.
803 1059 834 1130 I.
859 1061 947 1132 fasc.
970 1056 1037 1156 L),
1063 1064 1197 1137 Conri-

128 1181 176 1256 tis
200 1173 360 1274 Augusti
385 1172 433 1251 de
456 1179 920 1252 Platen-Hallermuende
950 1182 1132 1277 poematis
1158 1193 1197 1256 et

128 1296 385 1375 traiationibus
408 1296 550 1392 pulcris
574 1295 857 1392 artificiosisque
882 1298 1107 1392 depromtis,
1132 1299 1194 1372 fn-

131 1419 229 1509 eient
253 1415 431 1510 denique,
473 1426 517 1487 ut
542 1414 723 1488 Germani
755 1439 822 1488 sua
845 1415 945 1488 bona
968 1428 1049 1488 tum
1080 1417 1194 1511 igno-‚

129 1559 214 1609 rare
236 1547 319 1607 tum
343 1532 534 1628 despicere
558 1546 598 1607 et
620 1535 662 1607 in
686 1535 850 1633 linguam
866 1557 971 1609 suam
985 1533 1142 1607 ridicule
1158 1545 1197 1609 et

131 1652 243 1749 impie
266 1673 422 1747 peccare
447 1651 629 1724 desinant.

228 1769 554 1862 interpretationis
578 1770 801 1844 adminicula
826 1795 897 1845 nec
920 1783 1067 1847 vetusta
1097 1771 1196 1844 bona

129 1911 199 1963 nee
220 1910 320 1962 novn
344 1887 420 1957 ulla
442 1887 490 1958 ad
503 1911 635 1960 manus
652 1902 770 1961 erant
819 1889 1131 1965 Recensionem
1118 1890 1195 1985 rgi-

127 2021 193 2083 tur
223 1978 449 2077 Blomfieldii
480 2004 700 2102 plerumque
732 2020 881 2080 secutus
913 2031 1015 2100 sum,
1061 2032 1197 2104 quam-

129 2148 243 2222 quam
265 2146 441 2199 versuum
466 2125 615 2192 numeri
646 2148 725 2194 non
749 2126 797 2195 ad
823 2148 904 2195 eam
936 2126 1003 2195 sed
1028 2126 1076 2223 ad
1100 2148 1195 2196 con-

128 2245 340 2333 versionem
361 2262 485 2311 meam
508 2220 781 2315 eccommodata
805 2245 845 2313 in
865 2245 1034 2338 margine
1057 2241 1196 2339 legun-

127 2374 203 2436 tor.
253 2358 330 2432 Ubi
354 2368 477 2429 autem
502 2368 566 2428 nut
598 2354 641 2428 in
671 2362 800 2432 metris
827 2360 1097 2434 constituendis
1131 2374 1197 2436 aut

127 2481 167 2553 in
199 2456 402 2561 verborum
433 2475 741 2568 interpretatione
783 2491 822 2552 et
860 2479 948 2550 crisi
986 2470 1237 2552 abeundum'

128 2622 211 2671 esse
234 2597 450 2684 videbatur,
491 2601 573 2663 tum
604 2594 764 2668 aliorum
796 2598 965 2671 virorum
999 2597 1196 2669 doctorum

128 2740 163 2792 v.
191 2741 222 2789 c.
247 2714 427 2806 Elmsleji,
455 2709 677 2803 Hermanni,
705 2713 844 2804 Vossii,
870 2714 1072 2806 Vellaueri,
1098 2715 1196 2786 Rei-

128 2835 213 2929 sigii
244 2812 361 2905 libros
396 2829 569 2903 consului
595 2840 633 2900 et
658 2854 705 2903 ex
729 2833 775 2903 iis
807 2831 961 2903 meliora
994 2832 1196 2928 depromi,

127 2964 210 3027 tom
234 2950 297 3023 hie
321 2950 397 3021 illic
421 2973 505 3020 mea
528 2947 711 3025 substitui.
762 2948 851 3020 Non
877 2951 976 3022 enim
1001 2951 1042 3019 in
1066 2948 1196 3022 Hum-

128 3068 261 3145 boldtii
302 3069 527 3139 sententiam
565 3066 667 3136 abire
707 3091 878 3162 possum,
921 3067 986 3165 qui
1026 3067 1051 3139 l.
1091 3067 1117 3138 l.
1157 3091 1196 3164 p.

128 3185 253 3258 XXII.
278 3174 320 3256 iit
344 3183 524 3261 vertendo
549 3185 777 3255 recensionis
802 3187 913 3257 unius
944 3184 1100 3279 elicujus
1124 3210 1195 3257 eu·
1298 3166 1301 3175 Ι

131 3305 341 3377 ctoritatem
372 3305 544 3375 deserere
575 3325 654 3387 non
687 3302 801 3375 licere
833 3303 951 3413 docet.
1019 3303 1197 3376 Ceterum
1276 3358 1296 3399 s

128 3419 201 3493 hoe
224 3421 389 3527 juvenile
412 3445 538 3494 meum
571 3423 790 3517 opusculum
821 3422 976 3516 avitiis
1008 3443 1086 3517 non
1118 3423 1195 3495 im·

128 3563 243 3611 mune
261 3562 341 3635 esse
363 3541 465 3612 haud
478 3541 615 3612 nescio.
666 3539 730 3612 Tu
753 3541 879 3635 igitur,
904 3540 1033 3630 lector,
1058 3540 1197 3635 accipe,

129 3657 231 3753 qttod
255 3660 338 3731 sine
362 3663 421 3737 ira
444 3670 482 3730 et
505 3659 629 3733 studio
655 3660 753 3748 dedi,
778 3658 983 3751 benevole3
1011 3658 1196 3750 equidem,
1260 3659 1262 3664 ’

129 3776 310 3848 simeon
340 3778 574 3851 tralationem
606 3788 692 3871 post
717 3777 938 3851 Vossienom
970 3798 1050 3845 non
1083 3773 1195 3869 plane
1240 3792 1243 3801 ·

128 3894 381 3991 superfluam
382 3918 463 3968 esse
486 3895 690 4002 judicatum
715 3897 798 3987 erit,
824 3894 945 3966 otium
960 3893 1201 3989 studiumque
1294 3956 1301 3975 s

126 4033 206 4084 non
229 4037 389 4109 parvum
420 4013 646 4086 Prometheo
679 4037 758 4104 non
789 4013 930 4087 frustra
958 4036 1020 4085 me
1051 4012 1196 4106 imper-

125 4131 256 4207 tivisse
279 4129 522 4208 vehementer
546 4130 747 4205 laetabor.
